2446 4102
326 239 391 289 LlB.
409 239 444 289 Π.
478 241 537 288 Car.
551 237 712 289 XLVIII-L.
747 242 776 303 §§
793 254 911 305 122-127.
1084 242 1144 308 119

88 403 258 472 potuerunt.
286 395 411 452 Tantam
423 394 554 470 ingenuit
568 394 762 452 animantibus
777 395 969 452 conservandi
985 397 1029 452 sui
1044 407 1145 453 natura

89 492 268 550 custodiam.
311 493 382 567 Legi
407 493 496 549 etiam
520 492 659 567 scriptum
685 511 748 550 esse
773 511 857 550 avem
885 492 1041 566 quandam,
1067 492 1187 569 quaelil

88 591 216 665 platalea
231 589 446 658 nominaretur3
470 607 535 646 eam
551 589 605 646 sibi
620 589 718 647 cibum
738 607 876 664 quaerere
899 589 1085 647 advolantem
1106 589 1144 648 ad

89 706 139 745 eas
163 687 234 757 avis,
258 704 334 760 quae
358 704 389 743 se
413 686 442 743 in
465 686 537 743 mari
560 696 742 761 mergerent,
772 704 847 762 quae
871 705 939 744 curn
961 690 1145 747 emersissent

58 803 69 840 s
89 785 265 859 piscemque
280 784 436 857 cepissent,
451 801 543 857 usque
559 801 595 840 eo
609 802 741 859 premere
757 803 856 841 earum
871 785 968 859 capita
986 786 1143 859 mordicus,

90 882 163 939 dum
185 881 250 938 illae
272 891 391 955 captum
407 882 579 952 amitterent,
596 882 625 938 in
640 881 721 956 quod
737 883 800 956 ipsa
814 882 972 941 invaderet.
1016 883 1144 943 Eadem·

89 997 148 1054 que
164 979 239 1036 haec
254 979 313 1035 avis
329 979 461 1036 scribitur
476 978 597 1036 conchis
612 997 643 1036 se
658 979 751 1036 solere
773 980 931 1054 complere,
948 999 1055 1055 easque
1078 1001 1145 1040 cum

90 1076 237 1135 stomachi
260 1076 355 1132 calore
379 1077 558 1147 concoxerit,
582 1094 717 1133 evomere
743 1087 830 1151 atque
856 1078 895 1134 ita
918 1078 1022 1152 eligere
1045 1079 1144 1150 exiis,

91 1183 251 1250 quaesunt
273 1173 429 1230 esculenta.
473 1175 575 1230 Ranae
596 1184 694 1231 autem
715 1175 842 1231 marinae
866 1174 1002 1233 dicuntur
1023 1177 1144 1235 obruere
1152 1188 1190 1229 raa

54 1298 78 1325 ιο
91 1289 157 1330 sese
181 1271 290 1328 harena
311 1271 403 1329 solere
427 1280 456 1329 et
478 1271 589 1328 moveri
611 1289 703 1346 prope
725 1291 839 1346 aquam,
855 1273 893 1329 ad
915 1292 985 1347 quas
1008 1275 1089 1348 quasi
1107 1274 1145 1333 ad

92 1388 193 1428 escam
214 1368 310 1443 pisces
332 1386 399 1426 cum
419 1369 604 1439 accesserint,
627 1369 734 1426 confici
756 1389 773 1426 a
794 1370 870 1426 ranis
894 1380 980 1444 atque
1003 1373 1144 1430 consumi.

92 1467 188 1526 Miluo
212 1475 256 1523 est
278 1465 429 1540 quoddam
453 1466 562 1524 bellum
587 1467 668 1540 quasi
692 1468 820 1524 naturale
845 1486 912 1524 cum
939 1487 1046 1537 corvo;
1076 1488 1146 1544 ergo

92 1566 165 1622 alter
186 1563 301 1620 alterius
323 1563 499 1638 ubicumque
514 1574 637 1622 nanctus
652 1574 696 1621 est
710 1583 765 1621 ova
779 1565 892 1640 frangit.
936 1567 1011 1623 Illud
1026 1585 1094 1624 vero
1109 1568 1146 1625 ab

92 1660 248 1719 Aristotele
270 1659 545 1732 animadversum,a
566 1680 624 1736 quo
645 1663 792 1737 pleraque,
808 1663 871 1736 quis
894 1673 989 1737 potest
1012 1682 1071 1720 non
1093 1665 1145 1720 mi-

55 1782 79 1820 ιε
92 1760 170 1817 rari?
197 1776 282 1833 grues
311 1776 378 1815 cunr
406 1759 473 1815 loca
500 1759 638 1816 calidiora
665 1769 798 1834 petentes
827 1761 916 1816 maria
944 1761 1146 1833 transmittant,

93 1857 229 1930 trianguli
244 1855 359 1912 efficere
374 1856 516 1926 sormam3
540 1857 600 1913 eius
616 1868 713 1913 autem
729 1876 842 1914 summo
858 1858 963 1931 angulo
986 1859 1033 1915 a'e'r
1055 1860 1091 1916 ab
1113 1859 1146 1917 iis

93 1954 232 2013 adversus
256 1952 378 2028 pellitur,
403 1953 511 2011 deinde
540 1955 647 2011 sensim
671 1955 708 2011 ab
731 1965 852 2028 utroque
878 1955 974 2025 latere,
998 1965 1147 2030 tamquam

92 2052 191 2122 remis
212 2052 252 2108 ita
273 2051 368 2125 pinnis
391 2069 490 2109 cursus
511 2052 606 2109 avium
627 2053 744 2108 levatur.
788 2053 867 2109 Basis
889 2063 986 2109 autem
1005 2054 1146 2128 trianguli,

93 2170 184 2227 quem
210 2148 338 2207 efficiunt
362 2167 456 2224 grues,
482 2167 517 2206 ea
541 2160 689 2224 tamquam
715 2169 732 2206 a
755 2151 848 2224 puppi
869 2151 962 2208 ventis
987 2151 1146 2223 adiuvatur,

56 2273 81 2301 ω
94 2266 208 2322 eaeque
230 2248 260 2304 in
281 2257 363 2322 tergo
384 2247 615 2322 praevolantium
637 2248 712 2304 colla
727 2256 756 2304 et
771 2248 867 2320 capita
881 2258 1045 2321 reponunt,
1067 2249 1148 2323 quod

94 2347 163 2422 quia
186 2346 249 2420 ipse
273 2343 333 2402 dux
354 2344 450 2402 facere
474 2363 534 2402 non
556 2355 662 2419 potest,
679 2345 746 2418 quia
767 2364 827 2401 non
849 2345 946 2415 habet,
962 2347 1011 2403 ubi
1033 2347 1146 2418 nitatur,

93 2443 215 2514 revolat,
230 2452 262 2499 ut
275 2443 337 2516 ipse
353 2460 471 2517 quoque
487 2442 639 2516 quiescat,
661 2442 691 2498 in
706 2442 766 2498 eius
781 2442 880 2498 locum
898 2443 1029 2499 succedit
1047 2462 1083 2500 ex
1104 2445 1146 2515 iis,

94 2560 171 2618 quae
194 2540 375 2615 adquierunt‚
394 2559 487 2615 eaque
502 2539 670 2597 vicissitudo
693 2539 721 2595 in
745 2540 826 2596 omni
847 2558 931 2595 cursu
953 2551 1147 2598 conservatur.

95 2640 193 2698 Multa
218 2639 278 2696 eius
307 2637 387 2695 modi
411 2638 539 2712 proferre
565 2655 692 2712 possum,
719 2636 771 2692 sed
796 2654 887 2710 genus
916 2637 1010 2709 ipsum
1034 2637 1192 2695 videtisne

56 2764 80 2802 ης
96 2739 161 2795 Iam
176 2754 246 2792 vero
261 2735 307 2792 illa
321 2737 409 2792 etiam
423 2737 546 2805 notiora,
562 2745 671 2809 quanto
687 2752 717 2790 se
733 2751 821 2807 opere
841 2733 1006 2790 custodiant
1027 2735 1146 2806 bestiae,

94 2843 127 2892 ut
148 2834 179 2890 in
200 2842 285 2908 pastu
306 2834 560 2908 circumspectant,
575 2843 606 2889 ut
628 2833 657 2888 in
678 2831 819 2888 cubilibus
834 2831 1006 2888 delitiscant.
1049 2835 1145 2906 Atque
1154 2833 1191 2888 50

94 2931 144 2988 illa
158 2930 307 3001 mirabilia,
323 2929 403 3005 quod
423 2930 474 3005 (ea
495 2948 569 3004 quae
591 2947 693 3003 nuper,
710 2928 739 2985 id
762 2940 805 2984 est
827 2929 926 3002 paucis
948 2938 1015 2985 ante
1037 2929 1148 2999 saeclis,

96 3027 281 3086 medicorum
304 3027 425 3102 ingeniis
448 3037 562 3101 reperta
584 3026 665 3100 sunt)
692 3026 850 3082 vomitione
874 3044 971 3096 canes,
993 3037 1148 3100 purgantes

95 3136 195 3183 autem
217 3125 296 3182 alvos
317 3125 379 3182 ibes
400 3124 560 3199 Aegyptiae
583 3134 726 3181 curantur.
768 3123 908 3180 :luditum
924 3133 966 3179 est
984 3125 1147 3196 pantheras

58 3254 83 3291 30
96 3240 173 3298 quae
194 3222 225 3279 in
246 3222 377 3280 barbaria
397 3232 540 3278 venenata
561 3239 647 3277 carne
670 3231 850 3294 caperentur,
869 3220 1031 3292 remedium
1054 3220 1147 3294 quod-

96 3320 166 3379 dam
192 3319 308 3390 habere,
334 3337 392 3393 quo
418 3337 485 3376 cum
511 3329 608 3376 essent
632 3335 710 3386 usae,
733 3336 794 3374 non
818 3328 1017 3389 morerentur,
1047 3336 1148 3392 capras

95 3427 196 3475 autem
219 3416 249 3473 in
273 3417 360 3475 Creta
382 3416 465 3486 feras,
489 3435 557 3472 cum
582 3424 679 3472 essent
702 3415 834 3471 confixae
856 3416 1005 3472 venenatis
1029 3416 1148 3489 sagittis,

96 3513 219 3572 herbam
240 3531 388 3587 quaerere,
404 3531 478 3586 qnae
501 3513 665 3569 dictamnus
680 3522 841 3581 vocaretur,
857 3529 944 3584 quam
966 3531 1034 3568 cum
1052 3521 1147 3585 gusta-

94 3613 215 3682 vissent,
237 3611 354 3685 sagittas
376 3609 511 3667 excidere
534 3609 635 3667 dicunt
657 3627 673 3665 e
695 3627 827 3683 corpore.
871 3609 1039 3681 Cervaeque
1061 3608 1147 3681 paulo
1156 3625 1193 3666 nr

57 3730 83 3770 ³⁵
95 3719 164 3767 ante
178 3717 294 3785 partum
308 3717 485 3785 perpurgant
500 3725 530 3765 se
545 3706 673 3782 quadam
687 3706 814 3777 herbula,
830 3723 905 3780 quae
921 3705 1019 3763 seselis
1034 3705 1147 3765 dicitur.
