2446 4102
296 305 361 354 rm.
379 303 428 355 111.
462 305 741 357 cmxxx-xxxn.
776 308 806 371 rs
821 320 909 372 74-79·
1068 298 1122 358 161

72 477 145 516 num
156 458 274 516 rationis
286 466 314 516 et
326 459 438 516 consilii
453 459 490 516 ad
506 459 638 519 fraudem
649 461 825 534 hominibus
838 479 898 520 non
912 461 950 521 ad
965 463 1127 523 bonitatem

72 556 253 631 impertitum
268 573 331 612 esse
345 555 486 614 videatur.

114 652 174 711 Sed
188 653 294 727 urgetis
309 652 471 710 identidem
490 654 643 712 hominum
658 673 721 712 esse
737 656 821 713 istam
836 656 963 730 culpam,
978 676 1039 715 non
1054 641 1168 748 deo-2}

70 768 137 806 rum
148 770 157 821 5
179 757 211 806 ut
230 750 253 806 si
272 749 405 807 medicus
423 752 591 825 gravitatem
613 753 715 823 morbi,
731 753 907 827 gubernator
920 755 978 811 vim
999 765 1125 830 tempes-

38 847 139 910 statis
164 855 301 919 accuset,
324 847 377 904 etsi
398 847 429 905 hi
449 848 571 922 quidem
596 849 775 920 homunculi,
800 849 855 908 sed
880 860 979 909 tamen
1003 852 1125 911 ridiculi.

72 943 147 1018 Quis
169 944 248 1000 enim
269 953 297 1000 te
318 943 505 1016 adhibuisset,
522 945 625 1003 dixerit
640 946 794 1021 quispiam,
810 948 833 1004 si
855 948 910 1005 ista
930 967 990 1006 non
1010 952 1128 1009 essent?

71 1041 184 1100 Contra
195 1040 283 1098 deum
299 1041 366 1099 licet
377 1041 523 1116 disputare
538 1043 663 1101 liberius.
701 1045 736 1101 In
752 1045 905 1102 hominum
917 1046 991 1103 vitiis
1006 1047 1046 1104 ais
1062 1065 1126 1105 esse

70 1138 198 1212 culpam.
242 1139 316 1194 Eam
331 1137 462 1196 dedisses
477 1140 643 1198 hominibus
658 1141 810 1212 rationem,
824 1160 899 1216 quae
913 1144 982 1200 vitia
996 1145 1125 1218 culpam-

70 1255 130 1312 que
159 1237 334 1295 excluderet.
376 1237 436 1297 Ubi
460 1238 545 1312 igitur
568 1239 650 1297 locus
675 1240 728 1297 fuit
753 1241 841 1298 errori
863 1240 1006 1299 deorum?
1048 1244 1126 1300 Nam

30 1362 57 1389 ιο
69 1334 246 1410 patrimonia
266 1352 318 1408 spe
339 1334 415 1392 bene
436 1335 571 1394 tradendi
591 1337 790 1411 relinquimus,
805 1356 863 1412 qua
876 1357 1031 1413 possumus
1048 1340 1125 1413 salli3

70 1431 146 1490 deus
160 1432 217 1489 salli
232 1433 281 1507 qui
295 1432 410 1507 potuit?
450 1434 497 1489 An
516 1442 548 1490 ut
567 1434 624 1505 Sol,
640 1434 670 1490 in
689 1452 805 1491 currum
824 1453 892 1492 cum
913 1417 1125 1494 Pha'e'thontem

69 1529 162 1587 filium
177 1529 298 1600 sustulit,
311 1539 360 1586 aut
374 1529 540 1603 Neptunus,
552 1548 620 1588 cum
631 1530 762 1589 Theseus
775 1532 971 1606 Hippolytum
986 1533 1124 1608 perdidit,

70 1644 141 1684 cum
155 1635 199 1684 ter
212 1626 334 1700 optandi
349 1644 367 1682 a
381 1626 521 1701 Neptuno
533 1635 614 1701 patre
626 1627 774 1685 habuisset
788 1631 986 1702 potestatem?
1022 1631 1124 1688 Poeta·
1138 1640 1164 1683 tt

69 1742 136 1782 rurn
169 1722 223 1780 ista
255 1731 330 1794 sunt,
358 1741 413 1780 nos
441 1733 539 1781 autern
566 1723 734 1800 philosophi
767 1743 831 1782 esse
858 1726 1000 1797 volumuS,
1029 1744 1125 1786 rerum

30 1844 56 1884 ιε
69 1829 214 1892 auctores
235 1838 296 1878 non
324 1820 493 1878 fabularum.
535 1824 631 1896 Atque
657 1821 687 1879 hi
711 1830 810 1880 tamen
834 1823 890 1897 ipsi
912 1822 943 1880 di
967 1823 1077 1898 poetici
1101 1825 1126 1882 si

70 1919 194 1976 scissent
214 1917 379 1993 perniciosa
402 1918 462 1976 fore
487 1918 534 1976 illa
558 1919 632 1991 filiis,
654 1937 794 1995 peccasse
820 1920 850 1977 in
874 1921 1020 1978 beneficio
1042 1930 1124 1996 puta-

69 2026 177 2074 rentur.
221 2017 268 2086 Et,
290 2014 314 2072 si
334 2033 434 2072 verum
462 2025 514 2088 est,
537 2015 618 2091 quod
643 2018 739 2074 Aristo
765 2017 856 2075 Chius
879 2017 977 2075 dicere
1003 2019 1124 2090 solebat,

69 2131 179 2171 nocere
200 2111 385 2170 audientibus
406 2112 598 2188 philosophos
619 2113 662 2185 iis,
680 2114 731 2188 qui
748 2115 826 2172 bene
844 2114 923 2172 dicta
941 2116 1017 2172 male
1037 2117 1124 2174 inter-

68 2204 253 2287 pretarentur
271 2209 373 2285 (posse
395 2210 474 2267 enim
494 2220 591 2268 asotos
611 2229 647 2267 ex
666 2211 815 2287 Aristippi,
831 2212 953 2270 acerbos
968 2231 984 2268 e
999 2214 1124 2271 Zenonis

30 2329 57 2358 ω
69 2309 172 2368 schola
193 2305 300 2382 exire),
314 2325 439 2382 prorsus,
455 2307 487 2378 si,
503 2307 552 2381 qui
574 2306 737 2379 audierunt,
753 2308 848 2366 vitiosi
863 2318 960 2366 essent
975 2308 1124 2382 dicessuri,

68 2405 153 2482 quod
180 2423 313 2481 perverse
342 2403 583 2480 philosophorum
605 2402 832 2479 disputationem
860 2405 1123 2480 interpretarentur,

67 2514 168 2563 tacere
189 2511 347 2579 praestaret
365 2500 547 2577 philosophis
562 2519 649 2576 quarn
665 2501 707 2573 lie,
724 2502 773 2576 qui
788 2520 819 2560 se
833 2501 990 2574 audissent,
1006 2521 1123 2562 nocere.

68 2603 125 2673 Sic,
141 2601 165 2659 si
180 2601 313 2659 homines
327 2600 470 2657 rationem
484 2599 564 2657 bono
580 2599 701 2656 consilio
716 2618 734 2656 a
748 2598 792 2657 dis
810 2599 1009 2658 inmortalibus
1025 2599 1124 2659 datam
1137 2617 1162 2658 τε

67 2701 99 2759 in
120 2698 253 2757 fraudem
274 2699 471 2773 malitiamque
494 2705 675 2768 convertunt,
694 2715 755 2754 non
775 2696 836 2753 dari
858 2696 935 2754 illam
955 2715 1041 2772 quam
1062 2696 1124 2756 dari

28 2817 54 2857 2⁵
67 2799 200 2856 humano
215 2797 315 2871 generi
328 2795 431 2853 melius
445 2796 507 2853 suit.
548 2795 599 2865 Ut,
611 2793 635 2851 si
650 2792 782 2851 medicus
797 2794 870 2850 sciat
884 2811 952 2850 eum
963 2803 1122 2868 aegrotum,

68 2895 118 2971 qui
144 2895 236 2951 iussus
261 2894 297 2951 sit
320 2893 420 2951 vinum
445 2909 569 2962 sumere,
593 2891 735 2948 meracius
761 2900 943 2964 sumpturum
968 2891 1122 2964 statimque

67 2993 238 3070 periturum,
254 3009 359 3066 magna
378 2991 414 3048 sit
432 2990 462 3047 in
481 2990 576 3064 culpa,
592 2989 633 3046 sie
648 2998 743 3046 vestra
758 2988 812 3045 ista
826 2987 1009 3062 providentia
1025 3005 1121 3062 repre-

68 3088 237 3160 hendenda,
253 3106 328 3164 quae
345 3087 487 3146 rationem
501 3085 616 3144 dederit
629 3086 672 3157 iis,
688 3104 761 3160 quos
781 3085 877 3142 scierit
891 3102 927 3141 ea
940 3102 1074 3159 perverse
1095 3096 1124 3143 et

67 3188 192 3264 inprobe
212 3204 323 3245 usuros
366 3186 431 3244 Nisi
451 3185 525 3243 forte
540 3184 635 3242 dicitis
657 3202 723 3241 eam
744 3183 882 3240 nescisse.
923 3182 1045 3242 Utinam
1060 3184 1121 3257 qui·

29 3303 56 3341 ³0
68 3286 139 3346 dem
153 3288 159 3344 l
196 3283 254 3344 Sed
265 3302 326 3343 non
336 3282 490 3342 audebitis.
525 3282 596 3340 Non
611 3281 690 3339 enim
704 3281 816 3357 ignom,
829 3279 929 3355 quanti
941 3280 1002 3337 eius
1013 3299 1123 3338 nomen

67 3383 185 3460 putetis.

108 3479 167 3540 Sed
182 3479 231 3536 hic
246 3477 366 3553 quidem
380 3476 462 3535 locus
482 3475 621 3534 concludi
642 3475 700 3533 iam
722 3483 828 3549 potest.
872 3475 950 3531 Nam
965 3475 989 3532 si
1003 3466 1165 3573 stultitia375‘l

68 3595 216 3637 consensu
241 3576 373 3634 omnium
400 3573 643 3649 philosophorum
671 3572 763 3630 maius
783 3582 827 3629 est
848 3571 965 3643 malum,
988 3589 1076 3645 quam
1099 3571 1122 3628 si

67 3674 168 3735 omnia
189 3673 266 3731 mala
287 3682 316 3731 et
336 3672 468 3730 fortunae
489 3681 519 3729 et
541 3671 669 3746 corporis
692 3687 730 3726 ex
756 3669 848 3728 altera
864 3678 953 3744 parte
970 3676 1138 3742 ponantur,

30 3796 55 3838 ³⁵
68 3770 240 3847 sapientiam
266 3778 363 3829 autern
388 3788 480 3831 nemo
505 3769 693 3852 adsequitur,
714 3769 748 3830 in
776 3769 908 3830 summis
930 3763 1024 3823 malis
1048 3773 1165 3817 oms*
