2446 4102
326 267 391 316 Lus.
409 268 430 316 1.
465 267 747 327 cir.xxrir,·xx1v.
783 271 812 333 §s
826 269 914 334 61-67.
1104 269 1140 335 51

90 420 228 479 contione
257 421 411 480 combusti.
455 423 501 479 Ex
525 441 585 498 quo
610 423 747 498 equidem
777 425 910 481 existimo
940 423 1079 481 tardiores
1105 425 1143 483 ad

88 519 164 576 hanc
185 520 360 577 sententiam
384 519 581 594 profitendam
606 521 711 578 multos
737 539 799 578 esse
825 522 927 592 factos
943 523 1052 596 quippe
1075 541 1142 580 cum

86 633 215 691 poenam
230 635 268 674 ne
284 617 427 674 dubitatio
442 617 562 691 quidem
578 618 703 692 effugere
719 619 869 692 potuisset.
913 619 993 691 Quid
1006 619 1043 677 de
1056 620 1142 678 sacri·

86 713 166 789 legis,
182 714 255 788 quid
270 713 308 771 de
320 714 416 788 impiis
430 715 609 788 periurisque
626 714 780 772 dicemus?

418 862 598 919 Tubulus
626 863 658 919 si
687 864 834 921 Lucius
862 883 1060 938 umquam,

226 959 263 1017 Si
292 959 423 1034 Lupus
451 969 517 1016 aut
546 960 689 1031 Carbo,
719 960 899 1034 Neptuni
928 962 1059 1034 filius,

83 1116 114 1165 ut
136 1108 176 1165 ait
200 1109 338 1180 Lucilius,
353 1117 482 1183 putasset
505 1127 569 1166 esse
594 1107 675 1181 deos
701 1118 760 1166 tam
785 1110 914 1183 periurus
939 1120 988 1167 aut
1013 1121 1072 1168 tam
1097 1113 1139 1169 in-

82 1223 172 1280 purus
194 1206 315 1263 fuisset?
357 1207 426 1263 Non
448 1215 491 1263 est
513 1207 597 1281 igitur
618 1216 677 1263 tarn
700 1207 848 1280 explorata
869 1208 923 1264 ista
943 1209 1015 1264 ratio
1037 1209 1076 1265 ad
1100 1209 1138 1279 id,
1152 1218 1177 1257 64

82 1303 164 1376 quod
179 1303 274 1374 vultis,
290 1302 533 1374 confirmandum,
549 1321 638 1377 quam
652 1303 775 1361 videtur.
819 1303 877 1362 Sed
892 1305 960 1378 quia
981 1323 1138 1363 commune

44 1399 140 1456 10hoc
155 1409 200 1458 est
215 1408 419 1475 argumentum
433 1401 553 1457 alionim
565 1401 653 1458 etiam
668 1401 920 1476 philosophorum,
933 1403 1066 1460 omittam
1081 1404 1139 1461 hoc

81 1507 216 1572 tempore
228 1518 236 1570 3
258 1496 296 1555 ad
310 1508 405 1555 vestra
419 1499 536 1572 propria
550 1498 648 1555 venire
664 1500 752 1556 malo.

122 1593 270 1654 Concedo
295 1613 358 1652 esse
385 1594 457 1652 deos
468 1615 477 1667 ,·
506 1595 582 1653 doce
607 1613 655 1652 me
679 1596 771 1670 igitur,
796 1595 875 1652 unde
904 1597 969 1668 sint,
993 1598 1043 1656 ubi
1072 1599 1136 1670 sint,
1151 1616 1176 1656 os

81 1693 183 1767 quales
211 1692 269 1750 sint
296 1710 430 1766 corpore,
456 1693 563 1763 animo,
585 1693 643 1750 vita
653 1714 662 1765 3
691 1693 764 1750 haec
794 1695 871 1750 enim
896 1694 969 1750 scire
992 1694 1137 1754 desidero

82 1790 219 1848 Abuteris
233 1789 272 1847 ad
287 1789 387 1846 omnia
400 1798 563 1846 atomorum
578 1808 669 1865 regno
681 1799 710 1847 et
725 1791 860 1862 licentia3
883 1791 960 1862 hinc,
974 1792 1136 1866 quodcum-

42 1906 138 1962 15que
154 1889 185 1945 in
200 1888 296 1945 solum
309 1888 397 1959 venit,
412 1896 444 1944 ut
459 1887 572 1959 dicitur,
589 1889 701 1963 effingis
723 1898 809 1963 atque
832 1889 931 1946 efficis.
975 1891 1059 1963 Quae
1080 1893 1137 1965 pri-

79 2003 162 2042 mum
176 1985 273 2042 nullae
288 1994 364 2043 sunt.
407 1985 487 2042 Nihil
509 1995 552 2042 est
573 1986 651 2042 enim
667 1990 684 2056 ‘r
700 1986 781 2061 quod
803 1996 887 2043 vacet
909 2006 1051 2061 corpore;
1073 2007 1136 2046 cor-

79 2083 201 2158 poribus
223 2091 322 2139 autem
344 2082 439 2140 omnis
460 2082 610 2140 obsidetur
633 2084 715 2141 locus
726 2104 735 2156 3
757 2084 797 2141 ita
821 2085 931 2140 nullum
957 2086 1051 2156 inane,
1067 2087 1137 2143 nihil

79 2198 144 2239 esse
165 2179 350 2238 individuum
371 2188 477 2254 potest.
521 2181 607 2237 Haec
629 2198 685 2255 ego
706 2199 785 2237 nunc
809 2181 995 2256 physicorum
1020 2164 1182 2269 oraculaffib.4

78 2277 183 2350 fund0,
197 2295 266 2336 vera
279 2296 318 2335 an
331 2277 410 2349 falsa,
426 2277 536 2348 nesci0,
552 2276 604 2335 sed
620 2278 678 2335 veri
701 2287 798 2335 tamen
820 2279 957 2336 similiora
971 2298 1058 2353 quam
1073 2298 1135 2337 ves·

40 2403 66 2430 20
78 2385 132 2434 tra
177 2377 238 2434 Ista
251 2376 330 2433 enim
345 2374 452 2450 flagitia
467 2375 629 2432 Democriti
644 2375 703 2433 sive
719 2377 806 2432 etiam
821 2385 888 2433 ante
905 2377 1056 2451 Leucippi,
1073 2396 1135 2435 esse

79 2474 256 2549 corpuscula
284 2473 430 2549 quaedam
458 2473 541 2543 levia,
566 2472 621 2529 alia
648 2491 759 2547 aspera,
785 2471 911 2529 rotunda
939 2474 1002 2544 alia,
1031 2476 1136 2548 partim

79 2581 181 2629 autern
196 2572 340 2646 angulata,
356 2571 474 2628 hamata
488 2569 635 2645 quaedam
651 2580 680 2627 et
694 2570 775 2643 quasi
799 2568 923 2640 adunca,
939 2589 975 2626 ex
990 2571 1032 2628 his
1049 2571 1135 2627 effec-

78 2677 143 2727 tum
157 2685 222 2726 esse
243 2669 358 2726 caelum
379 2678 467 2743 atque
492 2676 597 2724 terram
619 2667 697 2724 nulla
718 2676 842 2740 cogente
864 2676 974 2737 natura,
990 2667 1042 2725 sed
1064 2687 1134 2725 con-

78 2784 166 2824 cursu
181 2765 311 2840 quodam
325 2766 451 2836 fortuit0,
469 2765 545 2822 hanc
567 2774 598 2821 tu
620 2765 799 2838 opinionem,
816 2765 850 2822 C.
864 2765 967 2835 Vellei,
982 2784 1075 2839 usque
1097 2766 1135 2822 ad

40 2891 64 2928 ις
77 2863 156 2921 hanc
171 2872 298 2922 aetatem
318 2863 486 2939 perduxisti,
503 2863 640 2937 priusque
662 2870 690 2918 te
713 2862 777 2934 quis
799 2860 836 2917 de
860 2862 939 2918 omni
960 2863 1035 2919 vitae
1061 2873 1135 2921 statu

77 2980 170 3037 quam
185 2960 224 3019 de
238 2961 293 3019 ista
313 2960 484 3018 auctoritate
499 2959 639 3017 deiecerit
649 2979 657 3030 3
681 2967 747 3014 ante
770 2958 848 3014 enim
870 2958 1003 3016 iudicasti
1026 2960 1134 3034 Epicu-

77 3078 162 3118 reum
177 3068 206 3117 te
221 3077 286 3117 esse
307 3068 452 3134 oportere,
468 3077 556 3133 quam
577 3058 631 3115 ista
654 3057 824 3131 cognovisti.
868 3058 913 3113 Ita
937 3075 1058 3115 neeesse
1083 3059 1136 3116 suit

77 3167 129 3215 aut
149 3156 225 3214 haec
246 3155 353 3231 flagitia
377 3156 534 3230 concipere
560 3155 657 3212 animo
681 3162 731 3210 aut
755 3162 907 3227 susceptae
932 3154 1134 3229 philosophiae

77 3272 190 3313 nomen
200 3253 342 3311 amittere.
385 3252 465 3325 Quid
480 3253 559 3310 enim
573 3270 693 3321 mereaS,
706 3261 738 3307 ut
750 3251 912 3325 Epicureus
924 3269 987 3309 esse
999 3252 1136 3310 desinas?
1148 3266 1173 3308 ot

41 3377 65 3414 ³0
79 3351 160 3410 Nihil
181 3349 330 3426 equidem,
352 3350 457 3424 inquis,
479 3359 511 3407 ut
535 3350 677 3407 rationem
702 3349 777 3405 vitae
802 3349 904 3407 beatae
925 3350 1134 3424 veritatemque

78 3449 224 3507 deseram.
267 3448 327 3505 Ista
347 3447 432 3522 igitur
446 3456 490 3505 est
503 3447 628 3504 veritas?
670 3447 747 3503 Nam
762 3445 800 3503 de
815 3446 874 3503 vita
893 3446 980 3504 beata
1000 3447 1070 3504 nihil
1090 3466 1133 3504 re-

78 3565 189 3623 pugn0,
205 3563 294 3621 quam
308 3554 339 3603 tu
359 3563 397 3602 ne
418 3545 448 3602 in
463 3543 521 3602 deo
536 3542 656 3619 quidem
678 3561 741 3600 esse
764 3561 874 3614 censes,
890 3544 944 3601 nisi
966 3544 1052 3618 plane
1074 3545 1134 3602 otio

77 3644 224 3720 langueat.
267 3642 326 3702 Sed
346 3643 396 3702 ubi
418 3652 462 3701 est
481 3643 606 3699 veritas?
649 3643 684 3698 ln
710 3640 835 3712 mundis,
851 3640 949 3712 credo,
970 3642 1133 3699 innumera·

79 3742 184 3802 bilibus
209 3740 346 3801 omnibus
371 3739 498 3798 minimis
522 3749 688 3815 temporum
712 3737 828 3813 punctis
853 3739 914 3795 aliis
937 3739 1133 3813 nascentibus,
