2446 4102
287 244 353 294 ran.
370 244 393 294 1.
425 243 622 304 cmxxxiv,
634 245 742 293 xxxv.
776 246 806 308 §s
819 258 908 308 9449.
1078 231 1116 293 61

63 399 145 458 milia
173 416 238 458 esse
268 397 455 470 mundorum,
484 397 537 456 sed
567 398 787 456 innumerabilia
818 417 903 457 ausus
936 417 968 457 es
1001 398 1121 458 dicere?

63 498 154 556 Ratio
175 495 287 554 docuit.
330 497 408 570 Ergo
431 495 488 553 hoc
510 504 539 552 te
559 496 632 553 ratio
652 514 712 553 non
733 495 860 566 docebit,
883 514 949 552 cum
972 509 1118 570 praestan·

63 595 176 652 tissima
203 603 307 650 natura
333 601 494 667 quaeratur,
523 609 616 666 eaque
644 592 730 650 beata
753 602 782 649 et
806 603 933 664 aeterna,
959 611 1033 666 quae
1059 596 1119 653 sola

63 691 164 749 divina
184 700 289 748 natura
309 699 361 761 est,
383 699 415 747 ut
435 689 639 747 inmortalitate
662 690 811 746 vincamur
832 690 870 747 ab
891 708 926 746 ea
946 701 1056 763 natura,
1077 694 1117 750 sie

30 807 42 846 ⁵
62 790 154 848 animi
178 789 356 864 praestantia
378 787 465 858 vinci,
490 797 578 862 atque
599 797 631 844 ut
652 787 750 857 animi,
773 788 843 843 item
868 790 1017 863 corporis?
1059 792 1118 849 Cur

62 887 158 962 igitur,
175 903 244 942 cum
259 885 362 942 ceteris
382 885 469 942 rebus
491 883 639 941 inferiores
660 884 758 953 simus,
781 884 873 941 forma
893 903 977 959 pares
999 891 1118 946 sumus?

61 983 102 1041 ad
116 981 337 1040 similitudinem
351 981 431 1038 enim
445 979 569 1038 deorum
590 981 710 1055 propius
732 981 894 1039 accedebat
916 983 1043 1041 humana
1063 987 1115 1042 vir-

61 1089 108 1138 tus
133 1098 224 1155 quam
248 1079 347 1153 ligura.
389 1081 436 1135 An
460 1078 618 1153 quicquam
642 1088 702 1135 tam
726 1079 835 1153 puerile
860 1079 919 1136 dici
943 1091 1039 1156 potest
1068 1065 1159 1172 (ut3975

61 1177 192 1234 eundem
209 1177 309 1234 locum
327 1175 434 1233 <liutius
456 1174 604 1250 urgeam),
619 1193 708 1250 quarn
729 1177 754 1234 si
774 1194 810 1234 ea
830 1196 937 1252 genera
957 1180 1115 1251 beluarum,

23 1298 47 1325 ιο
61 1291 138 1349 quae
164 1273 195 1330 in
218 1273 306 1331 rubro
331 1263 402 1329 inari
432 1272 552 1329 Indiave
580 1272 742 1347 gignantur,
767 1275 845 1331 nulla
872 1294 935 1333 esse
963 1277 1116 1336 dicamus?

60 1371 152 1446 Atqui
171 1389 209 1428 ne
228 1369 415 1427 curiosissimi
435 1368 556 1444 quidem
578 1369 711 1428 homines
732 1372 913 1446 exquirendo
935 1374 1034 1431 audire
1056 1385 1115 1433 tam

60 1470 153 1527 multa
173 1476 307 1543 possunt,
329 1486 418 1542 quam
439 1476 506 1525 sunt
527 1468 626 1539 multa,
648 1487 723 1542 quae
745 1478 828 1539 terra,
850 1471 929 1540 mari,
951 1472 1114 1545 paludibus,

59 1566 229 1623 fluminibus
244 1565 384 1622 exsistunt
395 1585 403 1636 3
426 1583 502 1638 quae
522 1583 663 1639 negemus
684 1583 757 1636 esse,
773 1567 841 1640 quia
861 1585 1020 1642 numquam
1043 1571 1114 1628 vidi-

59 1665 148 1721 mus?
190 1664 259 1738 Ipsa
273 1680 342 1718 vero
357 1680 445 1737 quam
468 1662 538 1718 nihil
559 1661 598 1719 ad
618 1681 680 1719 rem
698 1664 832 1737 pertinet,
848 1683 922 1738 quae
944 1685 995 1724 vos
1017 1666 1114 1725 delec-

21 1786 44 1823 ις
58 1771 101 1819 tat
129 1761 268 1831 maxime,
297 1758 475 1817 similitudo!
519 1758 620 1832 Quid?
655 1760 734 1817 canis
762 1778 860 1818 nonne
894 1763 993 1820 similis
1024 1764 1116 1838 lupo?

57 1867 158 1933 atque,
174 1867 206 1914 ut
221 1857 343 1927 Ennius,

107 2004 220 2065 Simia
240 2023 345 2080 quam
366 2002 512 2076 similis,
534 2005 758 2080 turpissuma
781 2007 916 2079 bestia,
939 2010 1063 2068 nobis!

58 2164 87 2212 at
119 2171 218 2212 mores
251 2154 282 2210 in
312 2161 435 2227 utroque
467 2152 605 2227 dispares,
657 2153 822 2228 Eleplranto
855 2156 1006 2214 beluarum
1037 2159 1115 2216 nulla

56 2250 250 2328 prudentior,
272 2260 301 2307 at
322 2249 413 2325 figura
434 2267 509 2323 quae
531 2251 657 2307 vastior?
699 2252 745 2308 De
765 2252 863 2309 bestiis
878 2254 999 2328 loquor,
1022 2257 1151 2329 quirilli

19 2380 44 2407 ω
56 2351 132 2407 inter
145 2349 226 2424 ipsos
241 2347 375 2404 homines
389 2364 487 2403 nonne
504 2356 533 2403 et
548 2347 697 2403 simillimis
716 2348 814 2406 formis
830 2349 958 2424 dispares
973 2370 1068 2408 mores
1084 2363 1113 2410 et

57 2447 189 2505 moribus
208 2445 366 2503 simillima
385 2444 476 2518 figura
495 2443 660 2501 dissimilis?
704 2446 821 2502 Etenim
844 2447 867 2503 si
888 2448 987 2519 semel,
1009 2450 1110 2521 Vellei,

55 2544 232 2619 suscipimus
261 2560 353 2616 genus
382 2541 440 2599 hoc
470 2543 641 2615 argumenti,
672 2543 800 2614 attende,
829 2563 888 2618 quo
918 2556 1022 2619 serpat.
1064 2548 1110 2605 Tu

55 2644 136 2701 enim
151 2641 288 2699 sumebas
302 2640 357 2697 nisi
371 2639 401 2696 in
416 2639 542 2696 hominis
557 2639 648 2714 figura
661 2641 803 2697 rationem
819 2641 913 2699 inesse
928 2662 988 2700 non
1004 2662 1109 2718 posse,

55 2750 152 2799 sumet
166 2739 238 2796 alius
254 2738 308 2794 nisi
323 2738 352 2794 in
367 2737 501 2808 terrestri,
516 2736 571 2794 nisi
591 2737 621 2793 in
639 2755 684 2808 e0,
704 2738 754 2811 qui
773 2748 857 2796 natus
878 2740 921 2810 sit,
941 2740 995 2797 nisi
1014 2742 1044 2798 in
1064 2760 1109 2814 eo,

18 2863 41 2902 ις
54 2838 105 2913 qui
120 2836 290 2907 adoleverit,
306 2834 359 2893 nisi
374 2836 404 2892 in
419 2853 465 2906 eo,
481 2835 531 2909 qui
546 2834 689 2906 didicerit,
708 2836 761 2892 nisi
780 2837 809 2892 in
827 2855 872 2908 eo,
891 2838 940 2912 qui
959 2857 995 2895 ex
1011 2840 1109 2898 animo

54 2944 171 2994 constet
189 2943 218 2992 et
236 2951 358 3008 corpore
377 2932 492 2991 caduco
510 2943 539 2990 et
561 2933 685 3003 infirmo,
704 2943 853 3007 postremo
871 2935 925 2993 nisi
943 2936 972 2992 iu
990 2935 1109 2995 homine

53 3043 143 3108 atque
162 3031 285 3089 mortali.
328 3030 443 3105 Quodsi
458 3031 487 3087 in
505 3031 639 3088 omnibus
658 3031 702 3088 his
719 3031 805 3088 rebus
823 3032 946 3104 obsistis,
967 3034 1037 3108 quid
1056 3045 1107 3107 est,

53 3129 136 3206 quod
146 3138 175 3187 te
186 3129 278 3187 forma
287 3147 345 3186 una
355 3128 530 3186 conturbet?
560 3129 616 3185 His
628 3128 706 3185 enim
718 3129 862 3201 omnibus
873 3149 947 3205 quae
960 3135 1107 3207 proposui,

52 3227 200 3285 adiunctis
217 3226 247 3282 in
265 3225 384 3283 homine
403 3227 544 3283 rationem
563 3244 625 3283 esse
644 3236 674 3284 et
690 3237 819 3285 mentem
841 3228 980 3301 videbas,
1003 3232 1107 3304 quibus

17 3351 40 3389 30
53 3324 192 3383 detractis
207 3322 296 3381 deum
311 3332 410 3380 tamen
424 3341 510 3381 nosse
526 3333 554 3381 te
571 3323 653 3394 dicis,
670 3325 760 3383 morlo
775 3327 944 3384 liniamenta
959 3340 1106 3388 maneant.

52 3424 124 3480 Hoc
144 3430 189 3478 est
206 3439 267 3478 non
284 3418 477 3492 considerare,
497 3420 549 3478 sed
567 3421 648 3494 quasi
666 3423 766 3492 sortiri,
783 3422 853 3497 quid
871 3425 999 3499 loquare.
1043 3427 1105 3484 Nisi
1120 3442 1144 3480 na

51 3520 179 3577 fortene
194 3515 388 3591 hocquidem
405 3516 539 3588 attendis
558 3536 618 3575 non
637 3517 728 3576 modo
748 3521 777 3576 in
797 3520 925 3592 homine,
945 3522 998 3580 sed
1018 3524 1105 3581 etiam

51 3616 82 3675 in
104 3615 218 3687 arbore,
242 3613 382 3688 quicquid
405 3632 653 3689 supervacaneum
674 3617 710 3672 sit
731 3626 780 3674 aut
802 3637 885 3674 usum
907 3638 967 3677 non
989 3620 1104 3691 habeat,

51 3711 176 3772 obstare.
220 3709 319 3786 Quam
338 3709 494 3768 molestum
513 3720 556 3770 est
575 3729 635 3770 uno
657 3712 747 3788 digito
768 3714 832 3791 plus
855 3713 981 3773 habere!
1024 3715 1105 3791 Quid
