2446 4102
391 268 457 318 Lm.
469 269 506 319 11.
540 268 728 318 cmvii-rx.
766 270 795 331 §5
812 270 897 332 1s23.
1129 263 1167 340 85

109 337 134 355 '¹

112 423 252 484 orationis
267 423 386 483 flumine
400 424 578 498 reprensoris
594 424 726 481 convicia
741 424 896 495 diluuntur,
920 428 1051 500 angustia
1072 440 1169 487 autem

111 523 270 581 conclusae
286 522 422 579 orationis
437 540 498 578 non
512 521 594 579 facile
609 540 640 578 se
655 522 717 596 ipsa
731 531 847 579 tutatur.
891 525 977 581 Haec
992 526 1079 596 enim,
1095 546 1169 601 quae

111 620 270 678 dilatantur
305 636 322 676 a
355 619 448 689 nobis,
480 620 560 676 Zeno
592 619 633 676 sic
665 621 833 694 premebat:
867 621 994 694 ‘Quod
1025 603 1206 708 ratione?l

111 718 244 788 utitur,
266 716 302 774 id
330 716 458 773 melius
480 726 534 773 est
555 735 668 790 quarn
695 715 749 787 id,
773 717 878 791 quod
905 720 1063 777 ratione
1093 741 1169 780 non

79 814 260 886 sutitur3
302 813 407 870 nihil
447 822 577 871 autem
619 813 765 871 mundo
807 816 969 888 melius,
1010 819 1168 877 ratione

110 911 239 987 igitur
259 910 428 968 mundus
449 912 604 968 utitur.’
647 912 782 969 Similiter
798 912 874 969 effici
892 923 989 987 potest
1006 916 1168 989 sapientem

111 1025 176 1066 esse
205 1008 360 1079 mundum,
389 1008 518 1065 similiter
549 1008 676 1079 beatum,
713 1009 842 1066 similiter
868 1022 1018 1068 aeternum
1030 1033 1038 1084 3
1070 1015 1169 1071 omnia

111 1107 193 1164 enim
215 1105 289 1163 haec
310 1106 430 1163 meliora
451 1116 518 1164 sunt
539 1124 627 1180 quam
648 1124 692 1177 ea,
715 1125 789 1180 quae
811 1117 878 1164 sunt
899 1108 933 1164 iis
955 1111 1091 1181 carentia,
1112 1131 1167 1168 nec

111 1203 226 1262 mundo
256 1205 413 1278 quicquam
442 1203 544 1260 melius
556 1224 564 1274 3
600 1221 637 1260 ex
664 1221 723 1277 quo
751 1203 890 1261 efficietur
926 1224 988 1262 esse
1024 1208 1168 1267 mundum

74 1301 214 1360 10deum.
258 1300 402 1375 Idemque
422 1300 479 1357 hoc
501 1299 610 1357 modo:
635 1301 813 1359 ‘Nullius
842 1321 961 1360 sensu
987 1307 1204 1363 carentiso

112 1418 204 1476 pars
227 1398 364 1472 aliqua
383 1407 520 1473 potest
542 1415 629 1454 esse
652 1399 855 1471 sentiens,
880 1401 1014 1458 mundi
1037 1413 1167 1461 autern

111 1508 251 1573 partes
272 1496 502 1555 sentientes
531 1505 641 1567 sunt,
669 1514 745 1552 non
767 1497 892 1571 igitur
914 1509 1024 1556 caret
1048 1519 1167 1559 sensu

112 1594 309 1654 mundus.’
361 1594 456 1668 Pergit
488 1592 567 1650 idem
600 1601 629 1649 et
665 1604 768 1666 urguet
802 1595 968 1668 angustius:
1010 1598 1165 1671 ‘Niltil¹,

112 1695 216 1769 inquit,
256 1690 379 1767 ‘quod
417 1691 537 1747 animi
567 1689 755 1764 quodque
799 1692 972 1749 rationis
1007 1705 1066 1751 est
1101 1713 1165 1752 ex-

75 1810 221 1868 15pers,
260 1789 300 1848 id
342 1806 535 1864 generare
579 1806 623 1845 ex
667 1806 706 1845 se
744 1798 882 1862 potest
922 1791 1166 1850 animantem

113 1897 415 1964 conpotemque
450 1886 652 1957 rationis;
691 1885 858 1943 mundus
887 1898 1017 1945 autem
1045 1907 1166 1964 gene·

112 1997 172 2046 rat
214 1984 433 2043 animantis
486 1993 779 2058 compotesque
828 1985 1031 2058 rationis,
1082 1990 1166 2045 ani-

112 2104 221 2144 mans
250 2092 312 2141 est
339 2082 465 2157 igitur
493 2080 661 2137 mundus
690 2098 936 2155 composque
964 2085 1165 2143 rationis)

112 2182 260 2256 Idemque
296 2178 492 2249 similitudine,
527 2187 560 2236 ut
595 2195 683 2252 saepe
720 2178 801 2249 solet,
837 2180 980 2237 rationem
1025 2183 1167 2240 conclusit

73 2283 170 2341 aohoc
215 2278 326 2338 modo:
370 2278 424 2335 ‘Si
466 2294 511 2333 ex
559 2275 667 2332 oliva
716 2275 921 2334 modulate
973 2290 1167 2338 canentes

110 2381 241 2440 tibiae
277 2385 561 2447 nascerentur,
593 2393 682 2431 num
718 2373 946 2449 dubitares,
979 2378 1073 2451 quin
1108 2379 1166 2435 in·

112 2486 224 2538 esset
264 2476 303 2532 in
345 2474 453 2531 oliva
495 2472 681 2530 tibicinii
724 2472 919 2546 quaedam
965 2476 1168 2533 scientia?

111 2575 238 2652 Quid,
271 2573 303 2632 si
338 2571 495 2647 platani
529 2569 726 2627 fidiculas
767 2570 922 2627 ferrent
956 2591 1167 2630 numerose

111 2670 335 2733 sonantes?
374 2669 478 2727 idem
518 2668 685 2725 scilicet
726 2685 916 2725 censeres
958 2670 995 2725 in
1037 2671 1166 2744 plata-

73 2773 172 2836 25nis
229 2770 365 2828 inesse
417 2767 622 2825 musicam.
692 2767 770 2824 Cur
825 2765 950 2839 igitur
1001 2767 1167 2825 mundus

110 2888 191 2928 non
229 2868 410 2925 animans
453 2865 700 2939 sapiensque
744 2862 968 2934 iudicetur,
1005 2883 1089 2920 cum
1124 2883 1168 2921 ex

111 2985 151 3026 se
183 2974 375 3041 procreet
406 2964 624 3021 animantis
653 2972 773 3037 atque
803 2962 1048 3035 sapientisi'

152 3063 213 3124 Sed
242 3063 382 3138 quoniam
418 3062 505 3136 coepi
541 3079 625 3118 secus
663 3078 756 3135 agere,
796 3070 883 3133 atque
920 3059 1001 3115 initio
1038 3059 1168 3116 dixeram

117 3162 271 3237 (negaram
286 3161 364 3218 enim
379 3159 455 3217 hanc
470 3160 593 3234 primam
607 3170 718 3233 partem
735 3176 819 3231 egere
835 3158 974 3226 oratione,
991 3156 1071 3229 quod
1094 3168 1169 3214 esset

75 3259 251 3320 soomnibus
276 3258 464 3334 perspicuum
489 3256 561 3314 deos
587 3257 679 3331 esse),
706 3266 803 3312 tamen
828 3255 859 3312 id
887 3256 983 3329 ipsum
1010 3255 1168 3312 rationibus

112 3356 243 3432 physicis
268 3356 441 3413 confirmare
466 3356 542 3412 volo.
584 3355 631 3412 Sic
657 3354 734 3410 enim
759 3371 804 3410 res
829 3371 859 3410 se
885 3353 981 3423 habet,
1005 3363 1035 3409 ut
1061 3353 1167 3423 omnia,

112 3471 189 3528 quae
212 3452 324 3509 alantur
339 3461 368 3510 et
382 3469 457 3526 quae
474 3461 615 3521 crescant,
630 3451 801 3508 contineant
805 3450 844 3519 jn
860 3469 889 3507 se
904 3451 964 3507 vim
980 3451 1091 3519 caloris,
1107 3450 1168 3506 sine

112 3569 172 3626 qua
197 3567 294 3623 neque
318 3549 354 3606 ali
376 3558 496 3623 possent
520 3567 577 3605 nec
601 3566 741 3605 crescere.
785 3548 862 3604 Nam
890 3566 987 3617 omne,
1017 3547 1098 3621 quod
1126 3557 1169 3603 est

113 3647 243 3706 calidum
269 3656 299 3703 et
323 3646 450 3720 igneum,
476 3646 568 3702 cietur
582 3655 611 3701 et
636 3644 728 3719 agitur
753 3653 833 3701 motu
859 3663 911 3701 suo
925 3665 932 3714 ;
965 3644 1045 3718 qnod
1070 3654 1168 3700 autem

77 3772 100 3811 35
113 3745 197 3803 alitur
219 3752 250 3801 et
272 3743 386 3814 crescit,
409 3752 491 3800 motu
514 3742 643 3815 quodam
665 3742 856 3799 utitur›certo
879 3750 909 3797 et
933 3742 1096 3815 aequabili,
1119 3743 1168 3816 qui

1185 3046 1202 3097 9

1181 3112 1205 3151 aa
