2446 4102
78 279 119 344 9²
405 276 453 326 na
475 276 621 326 aarum
644 275 804 326 pronun.

77 432 187 489 maiore
212 431 283 504 fieri,
305 440 336 489 ut
361 441 463 489 contra
486 438 618 488 naturam
643 439 719 488 astra
740 438 930 502 moveantur;
956 448 1033 506 quae
1056 431 1136 490 enim

77 539 173 605 potest
189 529 280 585 maior
294 531 379 585 esse?
421 530 523 585 Restat
541 528 634 602 igitur,
648 537 680 584 ut
701 537 798 585 motas
820 537 962 585 astrorum
984 529 1021 586 sit
1034 530 1135 587 volun-

77 629 173 685 tarias.
217 626 300 699 Quae
330 626 379 699 qui
406 622 513 697 videat,
541 641 601 680 non
629 623 749 681 indocte
778 624 881 696 solum,
909 642 1012 683 verum
1047 628 1135 684 etiam

77 725 165 800 impie
189 725 284 793 faciat,
307 722 330 779 si
354 721 426 779 deos
450 739 513 778 esse
536 730 633 795 neget.
676 723 742 779 Nec
766 739 836 779 sane
861 722 986 780 multum
1006 723 1134 795 interest,

77 833 172 880 utrum
187 822 218 880 id
232 829 320 895 neget
334 839 371 876 an
387 837 438 877 eos
454 818 534 876 omni
555 820 759 894 procuratione
775 829 863 894 atque
885 820 1001 878 actione
1023 822 1117 897 privet
1125 842 1135 895 3
1153 846 1164 884 s

78 921 148 978 milri
163 921 251 990 enim,
267 919 316 993 qui
331 917 401 975 nihil
416 917 483 991 agit,
499 934 563 973 esse
579 917 700 974 omnino
715 935 776 974 non
790 916 912 974 videtur.
956 919 1030 976 Esse
1052 919 1137 994 igitur

79 1016 151 1074 deos
166 1018 205 1073 ita
218 1016 405 1091 perspicuum
421 1022 473 1084 est,
489 1022 529 1084 ut,
545 1012 575 1070 id
591 1013 641 1088 qui
655 1023 752 1088 neget,
766 1014 814 1071 vix
835 1031 904 1071 eum
925 1033 1014 1072 sanae
1030 1017 1135 1074 mentis

78 1115 250 1171 existimem.

36 1192 69 1297 ¹45⁷
120 1213 231 1282 Restat,
254 1220 294 1281 ut,
320 1210 411 1284 qualis
437 1227 537 1266 eorum
562 1218 665 1267 natura
689 1209 733 1280 sit,
756 1207 976 1268 consideremus
987 1231 996 1283 ;
1025 1210 1056 1269 in
1076 1229 1135 1287 quo

78 1309 150 1365 nihil
164 1319 207 1365 est
222 1308 365 1364 difficilius
381 1326 469 1381 quam
484 1325 502 1363 a
518 1306 730 1364 consuetudine
746 1307 898 1365 oculorum
912 1308 1008 1365 aciem
1031 1311 1136 1367 mentis
1149 1337 1173 1364 ιο

78 1406 234 1464 abducere.
288 1407 333 1462 Ea
354 1404 507 1461 difficultas
530 1404 644 1461 induxit
665 1413 694 1462 et
708 1405 795 1480 vulgo
816 1405 955 1480 inperitos
978 1415 1008 1464 et
1029 1407 1136 1464 similes

78 1502 269 1580 philosophos
297 1503 495 1577 inperitorum,
519 1511 551 1559 ut
580 1502 636 1559 nisi
665 1503 762 1578 figuris
790 1502 943 1561 hominum
972 1505 1136 1562 constitutis

78 1602 151 1658 nihil
165 1609 285 1675 possent
300 1600 337 1657 de
353 1600 397 1657 dis
413 1600 612 1657 inmortalibus
627 1601 774 1675 cogitare3
796 1601 877 1658 cuius
900 1601 1047 1676 opinionis
1068 1603 1135 1660 levi-

79 1709 122 1756 tas
137 1699 287 1756 confutata
300 1717 317 1754 a
331 1698 419 1756 Cotta
432 1717 493 1755 non
508 1697 655 1755 desiderat
669 1699 830 1756 orationem
845 1717 952 1757 meam.
995 1699 1054 1758 Sed
1069 1718 1137 1757 cum

79 1797 167 1854 talem
183 1813 245 1853 esse
261 1796 349 1852 deum
365 1806 444 1852 certa
459 1797 578 1853 notione
601 1796 690 1853 animi
710 1796 947 1871 praesentiamus,
963 1798 1091 1872 primum
1105 1806 1172 1864 ut15

79 1896 116 1952 sit
131 1895 271 1963 animans,
287 1892 396 1949 deinde
411 1894 486 1949 utin
501 1894 582 1950 omni
603 1902 706 1950 natura
726 1893 797 1950 nihil
818 1911 854 1950 eo
876 1895 912 1951 sit
933 1896 1136 1969 praestantius,

80 1991 119 2048 ad
133 1991 209 2047 hanc
226 1991 464 2064 praesensionem
485 1992 696 2065 notionemque
717 2000 847 2048 nostram
867 1991 939 2048 nihil
952 1991 1041 2050 video
1056 1989 1137 2068 quod

79 2089 177 2164 potius
198 2086 432 2158 accommodem,
448 2106 537 2161 quam
559 2097 591 2144 ut
613 2088 739 2162 primum
761 2087 839 2145 hunc
862 2087 957 2163 ipsum
982 2089 1135 2162 mundum,

81 2205 140 2261 quo
168 2186 238 2243 nihil
267 2183 455 2241 excellentius
483 2185 545 2242 fieri
572 2194 677 2260 potest,
701 2185 880 2243 animantem
903 2204 967 2245 esse
992 2196 1022 2244 et
1047 2187 1137 2244 deum

42 2300 68 2341 ro
81 2284 218 2341 iudicem.
263 2284 322 2339 Hic
344 2302 433 2357 quam
450 2282 527 2340 volet
550 2283 693 2357 Epicurus
716 2283 837 2354 iocetur,
853 2283 943 2341 homo
966 2303 1028 2342 non
1050 2285 1136 2360 aptis·
1149 2317 1173 2344 ω

81 2383 169 2439 simus
193 2380 231 2438 ad
254 2380 413 2438 iocandum
436 2381 615 2454 minimeque
638 2380 777 2454 resipiens
800 2381 932 2455 patriam,
950 2391 981 2438 et
1003 2381 1084 2440 dieat
1105 2400 1136 2440 se

81 2499 141 2537 non
162 2498 249 2554 posse
271 2479 446 2552 intellegere,
462 2478 553 2552 qualis
577 2478 612 2534 sit
626 2477 757 2534 volubilis
780 2486 809 2534 et
831 2468 973 2535 rotundus
996 2477 1079 2550 dem,
1095 2488 1135 2537 ta·

82 2597 151 2635 men
173 2596 209 2634 ex
230 2577 296 2648 hoc,
313 2575 393 2650 quod
417 2577 504 2632 etiam
528 2576 589 2650 ipse
615 2576 726 2650 probat,
742 2593 903 2649 numquam
925 2593 973 2632 me
997 2576 1136 2635 movebit.

83 2677 180 2733 Placet
204 2676 281 2731 enim
304 2674 343 2730 illi
366 2692 429 2730 esse
453 2673 534 2745 deos,
558 2674 626 2748 quia
647 2691 768 2731 necesse
793 2674 828 2731 sit
851 2682 1048 2748 praestantem
1072 2692 1135 2732 esse

82 2774 208 2847 aliquam
232 2781 373 2841 naturam,
399 2790 457 2845 qua
481 2771 552 2827 nihil
576 2771 612 2828 sit
636 2771 748 2828 melius.
792 2770 907 2828 Mundo
932 2781 1032 2829 autern
1057 2782 1135 2830 certe
1148 2800 1170 2839 ες

81 2871 152 2927 nihil
167 2879 210 2926 est
224 2869 335 2927 melius
380 2869 446 2925 Nec
460 2868 591 2940 dubium,
608 2869 687 2942 quin,
704 2867 785 2943 quod
806 2869 937 2926 animans
959 2870 995 2926 sit
1016 2870 1135 2928 habeat·

82 2986 138 3041 que
154 2986 270 3024 sensnm
287 2975 315 3022 et
329 2966 472 3023 rationem
487 2975 516 3022 et
530 2976 668 3037 mentem,
684 2965 715 3023 id
729 2967 765 3022 sit
778 2966 881 3023 melius
895 2985 984 3041 quam
998 2966 1039 3039 id,
1055 2965 1137 3042 quod

43 3080 69 3122 47
83 3063 125 3121 his
154 3074 258 3121 careat.
303 3065 348 3120 lta
375 3064 498 3120 efficitur
524 3064 711 3135 animantem,
741 3082 850 3135 sensus,
880 3064 994 3135 mentiS,
1017 3065 1136 3123 rationis

82 3161 225 3218 mundum
254 3180 317 3218 esse
342 3172 532 3235 compotem
561 3179 618 3234 qua
643 3163 753 3218 ratione
782 3160 870 3218 deum
899 3178 962 3218 esse
991 3161 1137 3221 mundum

82 3259 274 3316 concluditur.
317 3258 375 3316 Sed
396 3259 470 3315 haec
485 3258 572 3332 paulo
587 3268 653 3332 post
674 3259 784 3314 facilius
808 3267 1022 3332 cognoscentur
1045 3277 1081 3316 ex
1103 3260 1137 3318 iis
1149 3294 1173 3333 30

82 3358 167 3413 rebus
190 3357 266 3430 ipsis,
282 3375 353 3430 quas
375 3355 502 3412 mundus
523 3355 619 3412 efficit.

40 3456 76 3510 18
125 3455 248 3524 Interea,
263 3454 365 3524 Vellei,
380 3453 449 3523 noli,
465 3470 584 3527 quaem,
600 3471 669 3527 prae
684 3463 713 3510 te
735 3454 807 3510 ferre
821 3472 873 3511 vos
894 3453 980 3528 plane
1002 3464 1137 3530 expertes

84 3570 146 3608 esse
170 3550 328 3608 doctrinae.
372 3551 489 3609 Conum
513 3550 565 3608 tibi
588 3551 628 3607 ais
653 3560 683 3607 et
711 3549 872 3625 cylindrum
900 3561 929 3608 et
953 3552 1138 3626 pyramidem

83 3648 278 3724 pulchriorem
301 3666 389 3722 quam
417 3648 570 3722 sphaeram
593 3646 691 3704 videri.
736 3648 853 3705 Novum
875 3649 962 3705 etiam
985 3649 1138 3710 oculomm

84 3746 229 3803 iudicium·
247 3746 367 3802 habetis
410 3743 468 3802 Sed
491 3745 547 3800 sint
569 3744 623 3799 ista
645 3743 810 3817 pulchriora
833 3745 983 3802 dumtaxat
1005 3758 1137 3822 aspectu,
1151 3786 1174 3824 35
