2446 4102
99 262 160 329 150
421 264 470 314 oa
488 264 634 316 uarum
656 264 818 317 naouun.

94 419 119 476 si
133 428 176 476 est
190 417 271 489 deus,
283 428 394 493 patrem
410 436 528 493 quoque
543 420 605 477 eius
621 419 745 478 Caelum
760 437 824 478 esse
839 417 929 478 deum
946 421 1148 482 confitendum

95 526 147 573 est.
191 515 281 590 Quod
301 516 324 572 si
342 516 381 573 ita
398 525 449 586 est,
469 516 550 575 Caeli
571 535 690 592 quoque
711 527 846 591 parentes
868 516 899 574 di
921 518 1053 577 habendi
1074 530 1148 592 sunt,

93 614 202 671 Aether
223 625 251 671 et
274 615 354 684 Dies,
371 632 531 688 eorumque
552 615 652 672 fratres
674 624 704 672 et
725 632 847 686 sorores,
871 615 920 689 qui
943 634 961 672 a
981 618 1149 694 genealogis

93 712 217 785 antiquis
240 712 281 768 sic
304 711 499 780 nominantur,
521 714 620 782 Amor,
642 712 745 782 Dolus,
763 713 870 782 Metus,
888 713 994 784 Labor,
1012 715 1148 773 Inviden-

93 809 141 876 tia,
159 809 271 878 Fatum,
288 809 437 878 Senectus,
454 809 544 879 Mors,
559 809 722 879 Tenebrae,
739 809 865 879 Miseria,
879 809 1026 882 Querella,
1040 812 1146 884 Gratia,
1167 833 1178 872 s

94 905 191 976 Fraus,
222 907 392 976 Pertinacia,
423 906 539 975 Parcae,
570 905 762 980 HesperideS,
791 906 920 977 Somnia,
950 925 1025 982 quos
1054 911 1148 968 omnis

18 982 24 992 ¹
94 1004 191 1060 Erebo
214 1014 242 1060 et
265 1004 361 1060 Nocte
382 1013 466 1060 natos
488 1003 591 1060 semnt.
635 1005 693 1060 Aut
717 1003 803 1078 igitur
827 1003 902 1061 haec
926 1015 1059 1063 monstra
1081 1025 1146 1082 pro-

50 1077 192 1185 }ssbanrla
212 1111 278 1157 sunt
300 1111 348 1156 aut
369 1101 461 1174 prima
485 1101 532 1157 illa
557 1100 695 1158 tollenda.
738 1099 840 1174 Quid?
880 1102 1058 1176 Apollinem,
1078 1104 1147 1162 Vol-

93 1216 208 1268 canum,
229 1199 417 1267 Mercurium,
433 1208 546 1255 ceteros
568 1198 640 1256 deos
662 1216 726 1256 esse
748 1198 839 1269 diceS,
855 1198 894 1255 de
917 1200 1059 1272 Hercule,
1076 1204 1146 1260 Aes·

92 1295 217 1368 culapi0,
245 1295 359 1364 LiberO,
390 1295 520 1366 Castore,
552 1295 670 1353 Polluce
699 1295 859 1353 dubitatis?
899 1298 938 1354 At
966 1297 997 1355 hi
1025 1299 1147 1374 quidem
1160 1324 1183 1350 ιο

92 1393 226 1449 coluntur
248 1410 340 1467 aeque
364 1403 450 1466 atque
474 1392 521 1463 illi,
545 1393 625 1467 apud
650 1393 794 1467 quosdam
818 1393 905 1451 etiam
929 1396 1023 1453 multo
1046 1398 1147 1472 magis,

93 1491 171 1564 Ergo
193 1491 222 1547 hi
244 1490 293 1547 dei
319 1500 385 1547 suut
410 1490 538 1547 habendi
563 1492 732 1549 mortalibus
757 1492 817 1548 nati
842 1492 1004 1551 matribus?
1047 1494 1149 1568 Quid?

92 1589 248 1658 Aristaeus,
271 1588 321 1662 qui
342 1588 434 1644 olivae
456 1587 561 1645 dicitur
582 1589 723 1659 inventor,
745 1589 886 1664 Apollinis
908 1589 991 1661 filius,
1013 1591 1148 1651 Theseus

92 1687 233 1761 Neptuni,
255 1686 365 1760 reliqui,
388 1704 512 1760 quorum
533 1697 629 1761 patres
651 1686 690 1757 di,
709 1704 769 1744 non
791 1696 874 1744 erunt
895 1687 925 1744 in
947 1687 1072 1747 deorum
1093 1708 1147 1748 nu-

91 1787 194 1842 mero?
226 1784 315 1857 Quid,
331 1803 454 1858 quorum
470 1785 596 1841 matres?
631 1784 753 1859 Opinor,
770 1785 857 1841 etiam
872 1785 974 1860 magis,
1011 1788 1053 1846 Ut
1068 1789 1147 1846 enim
1162 1819 1183 1857 ις

91 1883 151 1940 iure
174 1883 259 1953 civili,
274 1883 323 1957 qui
347 1892 390 1938 est
411 1894 501 1939 matre
521 1882 619 1952 libera,
635 1883 707 1940 liber
722 1893 774 1952 est,
790 1883 860 1939 item
875 1883 935 1940 iure
950 1894 1081 1958 naturae,
1097 1888 1147 1963 qui

91 1979 149 2036 dea
169 1990 260 2035 matre
283 1988 334 2049 est,
351 1978 423 2036 deus
445 1979 480 2036 sit
502 1997 623 2036 necesse
646 1990 698 2036 est.
742 1981 844 2054 Itaque
862 1980 1008 2039 Achillem
1022 1985 1146 2060 Astypa-

87 2077 220 2139 laeenses
242 2076 363 2133 insulani
386 2077 576 2133 sanctissume
598 2076 718 2148 colunt3
748 2078 797 2151 qui
819 2079 843 2134 si
865 2077 939 2136 deus
961 2089 1014 2151 est,
1038 2091 1068 2139 et
1091 2082 1145 2143 Or·

89 2175 182 2251 pheus
202 2184 231 2231 et
250 2175 365 2231 Rhesus
384 2174 413 2231 di
428 2184 503 2245 sunt,
521 2175 608 2231 Musa
623 2184 713 2231 matre
729 2175 798 2245 nati,
814 2176 869 2232 nisi
884 2176 957 2233 sorte
972 2179 1145 2237 maritumae

89 2274 208 2348 nuptiae
233 2273 352 2329 terrenis
377 2281 602 2346 anteponuntur.
645 2272 674 2329 Si
699 2271 729 2328 hi
753 2271 783 2328 di
805 2291 865 2330 non
887 2284 963 2345 sunt,
986 2277 1056 2349 quia
1077 2294 1144 2334 nus·
1159 2303 1183 2330 ω

51 2386 77 2427 tu
90 2390 177 2446 quam
200 2371 342 2441 coluntur,
358 2388 417 2444 quo
440 2369 531 2426 modo
553 2369 590 2425 illi
610 2371 698 2427 sunt?
738 2369 814 2426 Vide
831 2371 923 2445 igitur,
939 2389 976 2428 ne
991 2372 1144 2431 virtutibus

88 2469 240 2526 hominum
256 2470 301 2526 isti
316 2469 441 2525 honores
454 2468 621 2538 habeantur,
634 2485 694 2524 non
709 2468 991 2542 immortalitatibus;
1015 2471 1098 2545 quod
1111 2482 1144 2529 tu

88 2585 215 2641 quoquc,
242 2568 339 2637 Balbe,
363 2567 438 2623 visus
464 2583 494 2623 es
518 2565 625 2623 dicere.
670 2566 738 2639 Quo
763 2565 854 2624 modo
878 2578 976 2624 autern
1000 2580 1096 2643 potes,
1120 2570 1145 2628 si

88 2664 232 2721 Latonam
248 2664 334 2720 deam
349 2674 442 2736 putas,
459 2665 607 2720 Hecatam
622 2682 682 2720 non
697 2673 808 2738 putare,
825 2682 900 2738 quae
921 2674 1014 2722 matre
1030 2667 1144 2725 Asteria

88 2772 140 2832 est,
163 2780 261 2818 sorore
284 2761 434 2817 Latonae?
475 2764 520 2818 An
541 2761 614 2818 haec
630 2779 748 2836 quoque
767 2760 823 2818 dea
837 2763 902 2819 est?
922 2761 1048 2821 vidimus
1064 2766 1143 2822 enim
1157 2795 1179 2833 ος

88 2859 149 2914 eius
172 2877 233 2914 aras
257 2858 436 2931 delubraque
458 2859 487 2914 in
510 2859 643 2917 Graecia,
686 2859 735 2916 Sin
757 2860 831 2916 haec
853 2857 910 2916 dea
931 2869 983 2929 est,
1007 2879 1060 2917 cur
1082 2880 1143 2920 non

89 2955 277 3025 Eumenides
303 2973 424 3028 quarum
454 2966 483 3012 et
508 2956 629 3014 Athenis
658 2957 757 3013 fanum
787 2965 830 3014 est
859 2965 887 3013 et
916 2955 995 3031 apud
1021 2976 1084 3029 nos,
1111 2969 1143 3016 ut

88 3070 143 3126 ego
165 3053 344 3125 interpretor,
361 3053 442 3111 lucus
466 3056 599 3124 Furinae,
615 3054 690 3111 deae
712 3064 788 3124 sunt,
809 3054 1024 3128 speculatrices,
1042 3057 1141 3128 credo,

49 3162 74 3202 47
88 3160 117 3204 et
140 3148 270 3206 viurlices
296 3151 457 3208 facinorum
484 3162 512 3207 et
537 3152 663 3208 sceleris
708 3151 821 3225 Quodsi
836 3152 919 3208 'tales
942 3151 991 3209 dei
1013 3163 1089 3224 sunt,
1112 3164 1143 3211 ut

87 3246 172 3304 rebus
194 3245 326 3303 humanis
349 3249 488 3320 intersint,
512 3249 600 3305 Natio
626 3267 744 3322 quoque
771 3248 826 3306 dea
848 3249 979 3323 putanda
1007 3261 1060 3321 est,
1085 3252 1141 3322 cui,
1156 3280 1180 3318 30

89 3363 156 3401 cum
184 3345 249 3400 sana
279 3345 464 3403 circumimus
494 3346 522 3402 in
552 3364 621 3420 agro
647 3346 773 3417 Ardeati,
797 3365 859 3404 rem
888 3346 1016 3404 divinam
1045 3349 1141 3406 facere

88 3443 233 3513 solemus,
267 3459 340 3515 quae
370 3444 438 3516 quia
467 3454 564 3518 partus
595 3453 790 3500 matronarum
823 3454 944 3515 tueatur,
974 3463 992 3502 a
1018 3464 1140 3503 nascen-

88 3540 163 3597 tibus
190 3539 277 3596 Natio
302 3539 453 3595 nominata
478 3550 529 3597 est.
573 3541 616 3596 Ea
642 3540 665 3596 si
690 3539 747 3596 dea
768 3551 820 3612 est,
843 3541 872 3599 di
895 3560 997 3598 omnes
1020 3541 1069 3613 illi,
1092 3543 1141 3617 qui

89 3636 392 3695 commemorabautur
413 3654 430 3691 a
451 3646 491 3704 te,
515 3638 630 3706 Honos,
649 3636 744 3706 Fides,
762 3639 860 3707 Mens,
879 3638 1056 3710 Concordia,
1071 3657 1140 3715 ergo

89 3735 175 3791 etiam
204 3735 285 3808 Spes,
314 3733 438 3791 Moneta
472 3732 639 3807 omniaque,
671 3749 746 3807 quae
782 3735 958 3808 cogitatione
994 3737 1141 3794 nobismet
1155 3764 1178 3802 3⁵
