2446 4102
405 287 471 335 LIB,
488 287 510 335 1.
544 287 604 336 Car.
616 287 662 346 VI,
675 288 734 336 VII.
769 289 799 350 ξς
814 300 900 353 12-17.
1138 287 1179 356 37

128 439 218 499 bitare
247 449 334 516 coget
362 439 599 499 doctissimorum
630 441 782 500 hominum
811 442 848 500 de
876 462 1014 501 maxuma
1040 463 1070 502 re
1098 453 1179 502 tanta

128 538 280 598 dissensio.
323 537 415 612 Quod
437 557 505 595 cum
526 557 614 614 saepe
643 540 720 610 aliaS,
742 550 804 597 tum
826 542 952 599 maxime
978 542 1177 613 animadverti,
1193 558 1217 598 15

127 653 196 692 cum
216 635 296 710 apud
313 636 348 694 C.
365 636 494 707 Cottam,
509 636 680 692 familiarem
701 655 810 708 meum,
826 649 961 694 accurate
983 648 1097 696 sancet
1115 639 1177 696 dili-

126 742 227 807 genter
252 732 289 790 de
315 732 359 791 dis
394 733 593 791 inmortalibus
615 732 795 807 disputatum
823 744 875 792 est.
919 736 997 791 Nam
1019 755 1088 792 cum
1103 737 1178 794 seriis

94 848 106 886 s
128 830 238 887 Latinis
263 828 301 887 ad
326 847 395 887 eum
419 829 508 904 ipsius
536 838 638 905 rogatu
666 831 864 905 arcessituque
889 833 1043 904 venissem,
1069 833 1178 892 offendi

126 945 193 985 eum
219 927 373 984 sedentem
397 927 427 984 in
449 925 557 984 exedra
581 937 610 984 et
632 945 700 984 cum
720 927 754 986 C.
770 929 884 986 Velleio
918 941 1052 987 senatore
1078 929 1177 1005 dispu-

125 1033 247 1096 tantem,
271 1023 309 1082 ad
332 1034 506 1099 quemtum
527 1024 665 1099 Epicurei
686 1025 792 1098 primas
816 1043 852 1082 ex
877 1027 980 1084 nostris
1011 1027 1177 1087 hominibus

125 1122 305 1180 deserebant.
347 1120 456 1180 Aderat
477 1122 564 1179 etiam
587 1122 625 1194 Q.
641 1122 768 1179 Lucilius
791 1123 906 1194 Balbus,
922 1125 972 1198 qui
993 1133 1088 1183 tantos
1110 1144 1177 1200 pro·
1207 1130 1209 1134 '

124 1237 240 1294 gressus
262 1220 388 1277 habebat
409 1220 439 1277 in
460 1219 572 1290 Stoicis,
595 1229 627 1276 ut
648 1239 718 1276 curn
740 1221 948 1278 excellentibus
971 1223 1000 1279 in
1019 1240 1055 1280 eo
1070 1241 1177 1297 genere

86 1338 111 1364 10
125 1317 245 1375 Graecis
267 1325 491 1392 compararetur.
533 1318 621 1388 Tum,
636 1324 668 1373 ut
688 1335 736 1373 me
762 1318 850 1375 Cotta
871 1318 950 1389 vidit,
968 1322 1176 1394 Peroportune,

123 1414 226 1489 inquit,
248 1415 329 1471 venis
340 1435 349 1486 3
378 1414 466 1471 oritur
488 1413 566 1470 enirn
593 1412 665 1469 mihi
694 1432 800 1488 magna
822 1414 859 1470 de
885 1434 914 1471 re
938 1416 1086 1474 altercatio
1108 1437 1176 1474 cum

123 1512 245 1583 Velleio,
261 1512 309 1569 cui
323 1529 377 1585 pro
391 1521 442 1568 tuo
457 1509 554 1567 studio
569 1528 630 1567 non
645 1520 689 1568 est
704 1512 829 1568 alienum
845 1522 873 1568 te
889 1513 1036 1570 interesse.
1078 1517 1175 1588 Atque
1190 1504 1214 1610 176

124 1609 195 1667 mihi
226 1627 345 1684 quoque
375 1607 485 1678 videor,
515 1607 645 1682 inquam,
673 1609 796 1679 venisse,
836 1619 868 1666 ut
906 1608 988 1680 dicis,
1022 1619 1176 1684 oportune.

123 1708 196 1765 Tres
217 1708 297 1764 enim
317 1707 403 1764 trium
426 1705 643 1779 disciplinarum
666 1706 812 1780 principes
834 1708 1019 1764 convenistis.
1063 1709 1105 1765 M.
1126 1727 1175 1766 au-

85 1825 109 1863 15
124 1814 185 1862 tem
207 1805 274 1861 Piso
295 1805 320 1862 si
340 1802 464 1873 adesset,
480 1802 585 1860 nullius
607 1802 810 1878 philosophiae
832 1821 932 1860 earum
953 1804 1082 1878 quidem,
1101 1824 1175 1879 quae

123 1903 154 1959 in
175 1902 287 1959 honore
315 1910 391 1972 sunt,
412 1909 528 1957 vacaret
557 1899 648 1957 locus
690 1902 767 1958 Tum
790 1901 894 1959 Cotta:
920 1901 958 1971 Si,
982 1902 1082 1975 inquit,
1105 1902 1176 1959 liber

123 1999 262 2057 Antiochi
278 1999 377 2070 nostri,
394 1998 444 2072 qui
466 1998 502 2055 ab
525 2015 560 2054 eo
583 2016 676 2071 nuper
698 1997 736 2054 ad
758 1997 836 2055 hunc
858 1998 982 2056 Balbum
1003 2000 1105 2057 missus
1121 2010 1174 2072 est,

122 2115 191 2155 vera
212 2097 347 2171 loquitur,
363 2095 434 2153 nihil
455 2105 508 2166 est,
531 2093 613 2169 quod
635 2095 781 2165 Pisonem,
797 2095 966 2152 familiarem
985 2106 1076 2168 tuum,
1099 2097 1174 2155 desi-

123 2192 208 2251 deres
219 2214 227 2266 3
256 2193 404 2251 Antiocho
429 2193 508 2249 enim
533 2191 623 2250 Stoici
647 2210 715 2249 cum
740 2193 937 2266 Peripateticis
963 2212 993 2250 re
1017 2195 1173 2252 concinere

82 2290 267 2363 aovidentur,
287 2291 382 2349 verbis
404 2288 569 2364 discrepare
581 2309 589 2360 ;
612 2307 672 2363 quo
696 2289 734 2347 de
756 2289 838 2361 libm,
864 2290 963 2362 Balbe,
988 2291 1076 2348 velim
1101 2294 1173 2350 scire

123 2390 205 2465 quid.
219 2391 336 2448 sentias.
380 2391 505 2465 Egone?
535 2389 629 2463 inquit
655 2390 709 2447 ille.
750 2390 842 2447 Miror
866 2391 1054 2462 Antiochum,
1080 2392 1173 2449 homi-

121 2505 192 2545 nem
213 2487 243 2545 in
267 2487 367 2562 primis
390 2497 517 2557 acutum,
540 2504 600 2543 non
625 2486 731 2544 vidisse
757 2486 895 2544 interesse
919 2489 1075 2562 plurimum
1100 2490 1174 2546 inter

122 2585 247 2656 Stoicos,
262 2585 312 2660 qui
331 2586 454 2643 honesta
468 2604 485 2641 a
499 2583 664 2641 commodis
681 2603 742 2642 non
764 2586 892 2656 nomine,
908 2585 961 2642 sed
982 2605 1088 2660 genere
1110 2596 1173 2644 toto

122 2682 315 2757 diiungerent,
337 2692 367 2740 et
391 2682 608 2756 Peripateticos,
632 2682 683 2754 qui
708 2681 832 2738 honesta
856 2683 1083 2740 commiscerent
1104 2703 1173 2742 cum

82 2805 108 2842 25
122 2779 297 2851 commodiS,
312 2789 344 2837 ut
365 2798 400 2837 ea
422 2780 496 2836 inter
517 2797 548 2836 se
572 2778 773 2853 magnitudine
796 2788 825 2836 et
849 2781 931 2854 quasi
949 2780 1094 2854 gradibus,
1111 2801 1172 2840 non

121 2896 228 2953 genere
252 2877 407 2935 differrent.
451 2879 538 2934 Haec
564 2878 643 2935 enim
669 2887 713 2934 est
737 2896 798 2934 non
820 2877 1095 2953 verborum'parva,
1119 2880 1171 2938 sed

120 2993 217 3033 rerum
244 2992 403 3050 permagna
431 2974 582 3033 dissensio.
627 2975 738 3031 Verum
766 2974 825 3031 hoc
853 2974 921 3031 alias
933 2997 941 3047 3
973 2995 1060 3046 nunc,
1090 2977 1171 3051 quod
1185 2994 1209 3037 17

121 3073 283 3148 coepimus,
305 3073 328 3130 si
348 3071 470 3130 videtur.
514 3071 589 3129 Mihi
610 3090 689 3143 vero,
713 3072 808 3146 inquit
831 3072 927 3142 Cotta,
949 3073 1070 3130 videtur.
1113 3073 1172 3132 Sed

119 3181 151 3229 ut
168 3171 225 3242 hic,
241 3171 291 3245 qui
306 3171 466 3242 intervenit,
487 3168 550 3246 (me
561 3168 705 3244 intuens),
720 3188 758 3227 ne
777 3170 898 3244 ignoret,
914 3188 988 3244 quae
1003 3188 1048 3226 res
1063 3181 1171 3245 agatur,

82 3289 108 3327 ao
121 3267 158 3326 de
179 3279 283 3326 natura
304 3269 462 3342 agebamus
484 3266 616 3338 deorum,
632 3285 708 3341 quae
731 3286 799 3324 cum
821 3267 892 3324 mibi
907 3267 1052 3324 videretur
1066 3270 1170 3342 perob-

119 3383 211 3436 scura,
237 3375 270 3423 ut
294 3384 410 3440 semper
433 3364 524 3422 videri
550 3365 632 3435 solet,
660 3365 779 3439 Epicuri
808 3383 844 3421 ex
868 3364 980 3421 Velleio
1006 3366 1172 3424 sciscitabar

119 3465 304 3522 sententiam.
348 3464 446 3537 Quam
467 3463 506 3520 ob
528 3480 599 3532 rem,
621 3461 724 3535 inquit,
746 3462 848 3532 Vellei,
864 3461 918 3518 nisi
941 3462 1096 3519 molestum
1118 3473 1169 3534 est,

117 3572 228 3637 repete,
248 3579 324 3636 quae
346 3578 494 3635 coeperas.
538 3560 683 3632 Repetam
705 3577 783 3628 vero,
806 3576 984 3632 quamquam
1007 3578 1068 3616 non
1090 3558 1169 3631 mihi,

117 3658 170 3717 sed
199 3658 252 3716 tibi
280 3657 329 3715 hic
353 3657 432 3714 venit
460 3656 594 3725 adiutor3
617 3655 703 3712 ambo
729 3656 817 3725 enim,
843 3656 936 3729 iuquit
964 3656 1109 3727 adridens
1133 3658 1170 3716 ab

80 3781 105 3820 rs
117 3755 226 3816 eodem
241 3755 364 3813 Philone
378 3752 449 3811 nihil
467 3754 540 3811 scire
556 3751 706 3810 didicistis.
748 3753 825 3809 Tum
841 3770 914 3826 ego:
939 3752 1018 3826 Quid
1034 3752 1168 3811 didiceri-
