2446 4102
326 243 393 293 LIB.
405 244 441 292 11.
476 244 537 293 Cae.
549 245 747 295 XLV-XLVII.
781 245 944 309 §5115-121.
1100 242 1160 308 117

104 397 205 456 stellae
220 406 307 473 atque
323 398 419 456 omnis
433 397 534 455 aether
553 396 711 455 refundunt
733 397 838 455 eadem
860 408 890 456 et
910 417 1022 456 rursum
1044 397 1161 456 trahunt

104 495 250 567 indidem,
272 495 344 553 nihil
364 505 394 553 ut
416 495 475 553 fere
497 496 619 553 intereat
642 505 692 553 aut
715 494 877 553 admodum
898 495 1056 570 paululum,
1079 495 1160 570 quod

103 604 249 651 astrorum
268 593 341 668 ignis
363 602 391 650 et
414 592 537 650 aetheris
559 592 676 650 flamma
697 593 852 651 consumit.
897 594 942 649 Ex
961 611 1019 666 quo
1041 603 1159 650 eventu-

103 709 170 748 rum
184 690 275 747 nostri
289 699 392 764 putant
406 688 446 760 id,
462 689 500 747 de
515 708 574 764 quo
590 691 761 747 Panaetium
776 689 948 747 addubitare
966 690 1113 760 dicebaut,
1129 699 1161 747 ut

72 803 84 841 s
104 787 144 846 ad
159 796 323 845 extremum
337 786 432 844 omnis
448 786 574 844 mundus
589 788 760 861 ignesceret,
776 806 845 843 cum
861 806 962 844 umore
984 796 1160 862 consumpto

103 903 203 959 neque
218 893 294 942 terra
307 884 344 941 ali
358 894 457 958 posset
471 901 528 940 nec
541 893 684 941 remearet
705 885 764 955 aer,
780 884 860 941 cuius
882 895 961 941 ortus
983 903 1059 958 aqua
1079 885 1161 941 omni

104 982 248 1040 exhausta
268 998 333 1039 esse
353 999 414 1038 non
435 990 552 1054 posset;
576 982 615 1038 ita
634 981 757 1056 relinqui
783 981 853 1038 nihil
878 992 992 1055 praeter
1015 982 1121 1055 ignem,
1143 1000 1161 1039 a

104 1098 166 1156 quo
180 1097 294 1137 rursum
308 1078 455 1135 animante
470 1096 505 1134 ac
520 1077 578 1135 deo
592 1079 742 1135 renovatio
758 1077 860 1135 mundi
874 1078 956 1135 fieret
971 1087 1058 1151 atque
1080 1078 1160 1137 idem

103 1186 224 1236 ornatus
253 1186 389 1235 oreretur.
439 1175 517 1232 Nolo
545 1175 575 1232 in
610 1176 756 1233 stellarum
790 1176 901 1232 ratione
937 1176 1043 1233 multus
1077 1177 1160 1234 vobis
1168 1184 1205 1225 119

67 1295 91 1323 ¹0
103 1275 207 1347 videri,
229 1274 414 1348 maximeque
435 1291 543 1343 earum,
560 1291 635 1347 quae
658 1291 750 1331 errare
772 1272 927 1346 dicuntur3
955 1292 1076 1348 quarum
1097 1284 1159 1331 tan-

103 1383 152 1432 tus
177 1382 222 1431 est
250 1381 413 1430 concentus
441 1389 478 1428 cx
505 1370 700 1428 dissimillimis
730 1371 866 1442 motibus,
890 1381 931 1442 ut,
955 1390 1022 1427 cum
1048 1390 1162 1428 summa

105 1471 221 1531 Saturni
241 1470 397 1544 refrigeret,
420 1467 519 1526 media
540 1469 641 1526 Martis
667 1468 814 1538 incendat,
837 1469 882 1526 his
910 1469 1061 1525 interiecta
1084 1468 1161 1527 Iovis

104 1569 238 1626 inlustret
267 1575 297 1624 et
324 1576 469 1640 temperet
497 1566 628 1640 infraque
651 1567 777 1622 Martem
799 1565 874 1622 duae
904 1565 961 1623 Soli
991 1565 1160 1637 oboediant,

105 1667 169 1740 ipse
193 1664 242 1724 Sol
264 1663 407 1722 mundum
430 1681 550 1721 omnem
575 1681 626 1720 sua
648 1663 713 1720 luce
734 1664 880 1737 compleat
902 1663 939 1720 ab
961 1681 1056 1736 eoque
1078 1665 1162 1721 Luna

68 1783 92 1821 ιε
106 1762 279 1822 inluminata
305 1761 489 1836 graviditates
517 1769 546 1817 et
574 1771 671 1835 partus
700 1760 810 1818 adferat
838 1761 1075 1834 maturitatesque
1100 1761 1160 1836 gig-

105 1860 208 1919 nendi.
251 1858 335 1932 Quae
351 1859 499 1933 copulatio
521 1877 616 1915 rerum
638 1868 667 1915 et
688 1859 771 1933 quasi
791 1858 978 1915 consentiens
1000 1856 1038 1914 ad
1060 1858 1161 1915 mundi

105 1957 341 2017 incolumitatem
363 1957 582 2031 coagmentatio
609 1967 728 2014 naturae
757 1975 846 2030 quem
874 1974 935 2013 non
949 1965 1057 2027 movet,
1080 1955 1159 2014 hunc

106 2056 214 2115 horum
228 2054 300 2112 nihil
314 2072 453 2129 umquam
468 2054 646 2129 reputavisse
662 2064 743 2111 certo
758 2054 829 2111 scio.

147 2156 222 2228 Age,
237 2163 269 2209 ut
284 2170 302 2209 a
315 2152 486 2210 caelestibus
501 2153 587 2209 rebus
602 2151 639 2209 ad
655 2160 800 2209 terrestres
814 2150 974 2222 veniamus,
987 2150 1058 2225 quid
1074 2161 1118 2208 est
1132 2126 1207 2233 tuffo

68 2277 94 2304 ao
106 2252 161 2324 his,
176 2253 207 2310 in
222 2269 282 2326 quo
298 2268 357 2308 non
372 2260 491 2307 naturae
505 2250 578 2307 ratio
600 2250 792 2324 intellegentis
814 2251 974 2323 appareat?
1015 2250 1162 2323 Principio

107 2368 221 2421 eorum,
237 2366 313 2423 quae
334 2347 491 2423 gignuntur
511 2365 527 2404 e
548 2357 630 2418 terra,
647 2349 750 2422 stirpes
771 2357 800 2404 ct
822 2347 1006 2405 stabilitatem
1027 2345 1097 2403 dant
1119 2348 1162 2417 iis,

106 2466 184 2524 quae
212 2447 364 2517 sustinent,
393 2456 422 2503 et
450 2463 466 2503 e
494 2454 569 2502 terra
596 2465 699 2503 sucum
727 2445 851 2515 trahunt,
880 2463 940 2519 quo
975 2444 1087 2502 alantur
1120 2451 1163 2515 ea,

107 2564 185 2621 quae
210 2543 356 2602 radicibus
381 2543 575 2613 continentur,
602 2542 849 2616 obducunturque
875 2542 948 2599 libro
977 2551 1026 2599 aut
1054 2542 1164 2599 cortice

107 2642 214 2713 trunci,
238 2659 298 2715 quo
321 2641 378 2699 sint
400 2659 417 2698 a
439 2641 590 2715 frigoribus
613 2650 642 2697 et
664 2640 808 2698 caloribus
834 2640 962 2697 tutiores.
1007 2641 1070 2696 Iam
1095 2657 1164 2696 vero

69 2769 95 2807 25
107 2741 182 2799 vites
198 2740 241 2797 sic
255 2738 400 2796 claviculis
414 2737 592 2795 adminicula
613 2747 763 2812 tamquam
784 2737 917 2794 manibus
939 2735 1165 2811 adprehendunt

108 2848 199 2912 atque
222 2837 262 2893 ita
282 2840 313 2893 ¹se
336 2837 457 2910 erigunt,
473 2845 503 2893 ut
525 2836 696 2892 animantes.
740 2834 926 2908 Quinetiam
949 2853 966 2890 a
986 2834 1126 2903 caulibus,
1142 2833 1165 2890 si

109 2944 232 3011 propter
245 2934 298 2991 sati
313 2933 379 3004 sint,
395 2944 425 2990 ut
440 2952 457 2990 a
471 2934 612 3007 pestiferis
630 2943 660 2990 et
681 2933 855 2990 nocentibus
877 2932 1007 3006 refugere
1030 2930 1166 2987 dicuntur

109 3051 169 3091 nec
192 3049 244 3089 eos
266 3031 324 3089 ulla
344 3049 380 3089 ex
402 3040 484 3106 parte
513 3031 692 3105 contingere.
735 3030 934 3087 Animantium
959 3046 1027 3085 vero
1057 3036 1209 3102 quantam

110 3130 234 3188 varietas
249 3139 302 3198 est,
317 3138 425 3203 quanta
446 3126 484 3185 ad
506 3146 654 3184 eamrem
669 3128 720 3199 νίς,
736 3139 767 3184 ut
789 3128 817 3184 in
841 3145 893 3182 suo
909 3143 1042 3199 quaeque
1060 3143 1166 3199 genere

74 3261 99 3300 ,ο
111 3229 302 3303 permaneat!
345 3226 476 3299 Quarum
498 3226 570 3282 aliae
593 3226 678 3282 coriis
700 3235 795 3282 tectae
817 3233 892 3292 sunt,
909 3224 980 3279 aliae
996 3223 1067 3279 villis
1083 3222 1166 3280 vesti·

111 3335 168 3395 tae,
195 3323 267 3380 aliae
291 3323 379 3398 spinis
402 3322 527 3406 hirsutae
540 3343 547 3393 ;
576 3322 676 3397 pluma
698 3322 775 3391 alias,
799 3322 867 3377 alias
891 3338 1013 3394 squama
1033 3319 1167 3377 videmus

111 3420 268 3491 obductas,
284 3420 352 3478 alias
367 3438 431 3478 esse
449 3420 586 3477 cornibus
607 3431 740 3488 armatas,
756 3420 825 3475 alias
848 3418 954 3474 habere
978 3417 1083 3492 effugia
1104 3416 1167 3490 pin-

112 3537 226 3578 narum.
269 3518 386 3576 Pastum
412 3527 510 3575 autem
535 3517 729 3574 animantibus
754 3517 832 3590 large
861 3526 889 3572 et
919 3516 1039 3588 copiose
1068 3525 1169 3570 natura

113 3634 192 3687 eum,
206 3615 258 3690 qui
279 3615 384 3689 cuique
406 3624 491 3689 aptus
514 3624 582 3685 erat,
604 3615 791 3688 comparavit.
836 3613 1015 3669 Enumerare
1038 3629 1168 3685 possum,

75 3713 153 3779 asad
181 3731 250 3771 eum
278 3722 394 3787 pastum
423 3711 637 3785 capessendum
666 3709 944 3783 conficiendumque
972 3727 1047 3783 quae
1076 3708 1112 3766 sit
1139 3708 1170 3766 in
