2446 4102
97 264 156 314 102
421 261 469 313 DE
491 262 636 313 NATURA
658 259 817 313 DEORUM.

92 420 176 495 igitur
190 418 372 494 providentia
386 417 508 475 deorum
530 416 672 474 mundum
695 426 725 474 et
747 435 850 476 omnes
873 418 976 477 mundi
999 429 1095 496 partes
1115 428 1142 478 et

92 517 175 574 initio
197 516 368 573 constitutas
390 533 452 572 esse
477 525 505 571 et
528 515 608 572 omni
632 525 764 589 ternpore
787 514 980 573 administrari
992 539 1000 588 5
1023 535 1141 592 eamque

92 613 322 688 disputationem
337 613 385 670 tris
400 613 429 669 in
449 621 545 687 partes
566 612 656 669 nostri
677 613 736 669 fere
757 611 900 683 dividunt,
917 631 1040 687 quarum
1054 615 1142 689 prima

91 729 157 786 pars
172 721 224 781 est,
240 729 314 784 quae
330 709 446 767 ducitur
459 710 497 767 ab
513 728 548 766 ea
561 710 682 780 ratione,
698 727 774 783 quae
790 708 878 767 docet
893 728 956 767 esse
973 710 1065 783 deos;
1086 729 1141 785 quo

92 826 235 865 concesso
257 807 458 864 confitendum
474 816 517 863 est
532 824 632 863 eorum
649 807 770 864 consilio
785 806 927 865 mundum
944 807 1140 866 administrari.
1158 831 1167 869 s

92 905 228 963 Secunda
242 915 285 962 est
299 915 406 975 autem,
418 922 493 977 quae
506 903 595 961 docet
609 921 712 960 omnes
726 921 771 961 res
787 905 932 962 subiectas
948 923 1011 964 esse
1027 915 1141 964 naturae

92 1003 236 1073 sentienti,
252 1003 289 1059 ab
304 1019 396 1075 eaque
412 1002 511 1058 omnia
532 1001 735 1075 pulcherrume
750 1001 829 1076 geri,
851 1019 912 1076 quo
928 1003 1086 1060 constituto
1101 1022 1141 1061 se·

91 1100 187 1173 quitur
201 1100 238 1158 ab
253 1098 447 1156 animantibus
462 1079 620 1173 principiis⁴
633 1116 669 1155 ea
691 1116 754 1156 esse
776 1109 922 1174 generata.
965 1101 1079 1158 'l'ertius
1102 1110 1144 1159 est

91 1196 181 1268 locus,
197 1197 246 1271 qui
262 1196 378 1253 ducitur
399 1213 436 1252 ex
456 1195 647 1253 admiratione
669 1214 764 1253 rerum
787 1197 957 1256 caelestium
980 1207 1068 1274 atque
1090 1207 1141 1256 ter·

90 1295 232 1352 restrium.
1155 1321 1175 1348 ro

54 1404 79 1446 ro
133 1393 260 1450 Primum
275 1393 359 1467 igitur
373 1401 422 1448 aut
436 1391 605 1466 negandum
627 1402 670 1450 est
692 1410 756 1450 esse
779 1392 860 1465 deoS,
876 1394 958 1469 quod
982 1404 1012 1454 et
1035 1396 1142 1454 Demo-

91 1490 178 1547 critus
193 1491 345 1547 simulacra
367 1499 395 1546 et
418 1490 562 1563 Epicurus
583 1490 724 1564 imagines
748 1490 890 1549 inducens
905 1492 1036 1566 quodam
1059 1503 1143 1569 pacto

91 1598 186 1662 negat,
203 1597 260 1658 aut,
276 1588 326 1662 qui
340 1587 413 1645 deos
428 1605 491 1644 esse
507 1586 682 1658 concedant,
698 1588 731 1645 iis
746 1587 897 1646 fatendum
911 1599 955 1647 est
970 1609 1022 1648 eos
1038 1589 1144 1666 aliquid

91 1703 185 1759 agere,
201 1684 289 1758 idque
305 1685 504 1759 praeclarum,
526 1685 596 1741 nihil
611 1694 655 1742 est
669 1695 767 1742 autem
789 1687 963 1760 praeclarius
978 1687 1081 1745 mundi
1096 1687 1143 1745 ad·

92 1783 321 1854 ministratione,
348 1782 470 1839 deorum
492 1781 576 1856 igitur
598 1782 720 1840 consilio
743 1782 966 1842 administratur.
1010 1784 1102 1859 Quod
1123 1784 1145 1842 si
1156 1805 1176 1844 τε

92 1880 174 1936 aliter
194 1889 247 1950 est,
262 1878 372 1953 aliquid
393 1879 525 1953 profecto
547 1880 583 1936 sit
605 1897 726 1937 necesse
750 1889 794 1938 est
818 1881 920 1938 melius
943 1891 974 1938 et
995 1883 1105 1941 maiore
1119 1882 1145 1940 vi

92 1976 257 2052 praeditum
273 1994 362 2051 quam
384 1976 466 2047 deus,
482 1977 568 2050 quale
589 1976 620 2034 id
643 1996 769 2053 cumque
793 1986 845 2050 est,
861 1979 920 2036 sive
944 1979 1074 2037 inanima
1095 1998 1144 2037 na-

92 2083 156 2131 tura
169 2075 228 2131 sive
250 2075 407 2131 necessitas
423 2074 449 2131 vi
471 2092 577 2148 magna
599 2075 718 2132 incitata
740 2075 815 2133 haec
838 2075 1035 2150 pulcherrima
1057 2096 1145 2153 opera

55 2185 80 2228 77
93 2171 231 2242 efficiens,
247 2189 321 2245 quae
343 2171 485 2229 videmus.
528 2171 598 2229 Non
622 2181 665 2229 est
688 2172 773 2247 igitur
794 2183 895 2230 natura
918 2173 1043 2232 deorum
1064 2192 1143 2249 prae·

92 2280 197 2345 potens
212 2287 308 2343 neque
325 2271 478 2341 excellens,
494 2269 639 2344 siquidem
654 2288 690 2327 ea
704 2271 836 2328 subiecta
850 2280 893 2329 est
911 2272 938 2329 ei
952 2273 998 2329 vel
1020 2273 1144 2331 necessi·
1156 2298 1179 2326 ω

93 2368 144 2425 tati
160 2367 206 2424 vel
228 2377 355 2437 naturae,
371 2386 428 2441 qua
450 2368 572 2438 caelum,
598 2368 696 2439 maria,
720 2377 812 2426 terrae
834 2379 988 2444 regantur,
1010 2370 1083 2427 nihil
1104 2378 1147 2428 est

94 2475 192 2522 autem
207 2465 396 2539 praestantius
412 2463 489 2536 deu,
512 2465 548 2522 ab
564 2483 600 2521 eo
616 2465 700 2539 igitur
717 2464 861 2523 mundum
882 2483 1004 2524 necesse
1020 2477 1065 2524 est
1078 2467 1145 2542 regi

95 2563 172 2619 Nulli
193 2563 277 2637 igitur
300 2572 343 2620 est
364 2573 483 2619 naturae
503 2563 664 2620 oboediens
687 2569 745 2620 aut
758 2563 906 2620 subiectus
929 2563 1012 2636 deus,
1027 2583 1146 2623 omnem

95 2678 163 2735 ergo
185 2660 258 2733 regit
278 2660 340 2734 ipse
362 2670 503 2717 naturam.
546 2661 663 2717 Etenim
686 2660 710 2717 si
733 2660 924 2718 concedimus
946 2661 1147 2738 intellegentes

95 2776 157 2814 esse
187 2756 268 2828 deos,
295 2757 486 2814 concedimus
515 2757 603 2815 etiam
632 2757 827 2832 providentes,
853 2768 882 2815 et
906 2777 1002 2816 rerum
1028 2759 1147 2834 quidem
1159 2782 1181 2821 πε

95 2873 304 2912 maxumarum.
349 2857 427 2930 Ergo
450 2865 546 2912 utrum
570 2855 712 2929 ignorant,
734 2873 808 2928 quae
832 2873 877 2913 res
901 2874 1057 2914 maxumae
1083 2858 1147 2929 sint,

95 2970 212 3026 quoque
243 2970 294 3009 eae
324 2952 414 3010 modo
443 2951 612 3009 tractandae
640 2962 670 3008 et
698 2951 834 3023 tuendae,
859 2970 898 3009 an
921 2953 980 3010 vim
1008 2973 1070 3012 non
1099 2955 1148 3013 ha-

96 3050 174 3119 bent,
200 3067 258 3122 qua
285 3059 378 3107 tantas
407 3068 452 3106 res
481 3050 642 3106 sustineant
669 3057 698 3106 et
722 3051 844 3124 gerant?
883 3051 922 3107 At
949 3059 979 3108 et
1007 3051 1149 3126 ignoratio

95 3164 190 3203 rerum
212 3146 305 3202 aliena
326 3157 444 3204 naturae
467 3146 591 3203 deorum
611 3156 662 3216 est,
678 3155 707 3203 et
730 3145 891 3204 sustinendi
912 3148 1040 3205 muneris
1062 3167 1148 3224 prop-

96 3253 139 3299 ter
173 3242 390 3300 inbecillitatem
426 3242 579 3300 difficultas
622 3243 741 3300 minime
778 3242 856 3300 cadit
897 3244 927 3301 in
967 3245 1149 3303 maiestatem
1162 3273 1186 3312 30

97 3339 229 3396 deorum.
281 3341 327 3397 Ex
355 3358 413 3413 quo
442 3341 564 3397 efficitur
591 3339 631 3412 id,
657 3338 739 3414 quod
763 3340 905 3411 volumus,
931 3339 1056 3399 deorum
1084 3360 1149 3418 pro-

54 3420 88 3528 ‘⁰13¹
98 3437 226 3494 videntia
252 3437 393 3494 mundum
419 3437 619 3495 administrari.
662 3438 750 3511 Atqui
778 3456 899 3495 necesse
925 3446 978 3510 est,
1001 3457 1070 3497 cum
1096 3441 1152 3499 sint

97 3532 136 3604 di,
153 3536 176 3591 si
197 3535 287 3592 modo
311 3544 386 3604 sunt,
402 3545 432 3592 ut
454 3536 587 3609 profecto
612 3544 687 3605 sunt,
709 3535 862 3593 animantis
888 3553 961 3607 esse,
977 3554 1034 3593 nec
1058 3538 1152 3596 solum

98 3631 261 3701 animantis,
278 3631 431 3689 sedetiam
453 3633 571 3689 rationis
594 3642 747 3706 compotes
769 3633 843 3690 inter
865 3651 955 3706 seque
971 3635 1055 3707 quasi
1076 3635 1153 3693 civili

99 3729 303 3786 conciliatione
319 3738 348 3784 et
362 3728 500 3785 societate
516 3729 698 3800 coniunctos,
711 3748 801 3786 unum
816 3728 959 3787 mundum
974 3740 1007 3789 ut
1018 3749 1151 3792 commu·
1165 3756 1187 3796 rs
