2446 4102
361 273 427 323 Lm.
444 274 466 322 1,
500 273 693 334 cuxuxrr.
728 276 859 341 ξμς-3ο.
1095 280 1133 342 41

84 426 229 504 thagoraS,
244 425 296 503 qui
315 428 429 486 censuit
450 428 580 486 animum
600 447 663 486 esse
681 447 735 504 per
752 440 884 487 naturam
902 447 999 489 rerum
1017 449 1137 490 omnem

84 525 231 583 intentum
246 532 275 582 et
290 535 516 598 commeantem,
532 544 569 583 ex
583 544 642 600 quo
656 527 747 584 nostri
761 527 849 584 animi
865 537 1060 602 carperentur,
1076 548 1137 587 non

83 622 157 680 vidit
180 621 368 680 distractione
397 623 591 681 humanorum
619 624 782 682 animomm
807 623 933 700 discerpi
962 635 991 683 et
1018 627 1137 685 lacerari

84 719 174 778 deum
193 728 231 790 et,
247 737 315 777 cum
333 719 431 777 miseri
450 721 539 777 animi
558 729 664 793 essent,
680 721 762 795 quod
781 722 924 797 plerisque
946 725 1135 799 contingeret,

50 825 146 875 stum
168 816 218 875 dei
242 825 356 892 partem
383 835 447 874 esse
475 819 629 890 miseram,
652 818 733 892 quod
758 819 819 876 fieri
843 837 904 876 non
928 831 1034 895 potest.
1077 823 1175 881 Curae

82 924 182 972 autem
197 914 356 988 quicquam
376 915 521 989 ignoraret
541 915 654 973 animus
677 916 811 986 hominis,
827 917 851 974 si
871 927 947 975 esset
962 918 1056 976 deus?
1076 938 1135 994 quo

82 1010 175 1070 modo
200 1029 287 1086 porro
308 1010 381 1070 deus
406 1012 469 1083 iste,
491 1012 515 1069 si
539 1012 611 1069 nihil
635 1021 711 1070 esset
734 1013 790 1070 nisi
815 1016 936 1086 animus,
958 1026 1008 1073 aut
1032 1016 1135 1074 infixus

82 1118 134 1166 aut
157 1107 268 1166 infusus
293 1118 370 1167 esset
393 1109 424 1166 in
448 1108 582 1166 mundo?
622 1112 700 1168 Tum
728 1112 935 1186 Xenophanes
959 1114 1009 1187 qui
1036 1124 1135 1172 mente

82 1206 224 1264 adiuncta
247 1223 336 1264 omne
360 1215 519 1280 praeterea,
542 1205 624 1281 quod
652 1218 728 1265 esset
756 1208 909 1280 infinitum,
932 1209 1021 1267 deum
1045 1212 1136 1269 voluit

44 1325 69 1352 ιο
82 1321 157 1374 esse,
172 1302 211 1361 de
232 1303 296 1378 ipsa
315 1312 414 1361 mente
436 1303 507 1360 item
528 1304 759 1378 reprehenditur,
775 1315 807 1363 ut
825 1306 922 1376 ceteri,
939 1306 976 1363 de
995 1308 1135 1365 infinitate

82 1410 182 1458 autern
195 1400 407 1472 vehementius
423 1401 453 1457 in
467 1418 526 1475 qua
539 1401 611 1458 nihil
624 1420 722 1476 neque
737 1403 864 1460 sentiens
881 1421 978 1477 neque
996 1405 1135 1462 coniunc-

80 1506 145 1555 tum
173 1506 272 1572 potest
299 1515 372 1556 esse.
426 1498 505 1557 Nam
534 1499 723 1557 Parmenides
747 1499 866 1574 quidem
896 1502 1136 1560 commenticium

81 1594 226 1670 quiddam
247 1613 374 1653 coronae
396 1595 488 1653 simile
511 1595 600 1653 efficit
622 1596 781 1673 (στεφάνην
802 1597 943 1672 appellat)
966 1599 1135 1657 continente

80 1693 185 1751 ardore
200 1693 273 1751 lucis
288 1694 400 1766 orbem,
415 1695 465 1768 qui
481 1694 577 1769 cingat
592 1694 715 1765 caelum,
730 1711 820 1768 quem
834 1695 960 1769 appellat
975 1694 1083 1767 deum;
1105 1697 1136 1754 in

44 1815 66 1853 rs
80 1809 142 1866 quo
163 1809 261 1866 neque
284 1792 405 1867 figuram
420 1791 549 1849 divinam
570 1809 666 1866 neque
688 1809 807 1848 sensum
821 1792 975 1866 quisquam
998 1794 1136 1866 suspicari

79 1898 198 1966 potest3
220 1889 370 1964 multaque
392 1888 525 1947 eiusdem
552 1890 632 1946 modi
655 1898 792 1959 monstra,
815 1890 924 1963 quippe
946 1890 996 1963 qui
1017 1890 1134 1962 bellum,

79 1987 131 2062 qui
146 1985 333 2058 discordiam,
348 1986 398 2060 qui
420 1985 611 2061 cupiditatem
633 1995 788 2059 ceteraque
810 1986 923 2060 generis
945 1986 1077 2044 eiusdem
1096 1987 1135 2046 ad

80 2084 171 2142 deum
196 2092 324 2155 revocet,
349 2100 425 2157 quae
450 2082 496 2141 vel
520 2083 624 2141 morbo
649 2082 695 2139 vel
719 2100 824 2139 somno
849 2082 895 2139 vel
919 2083 1064 2141 oblivione
1089 2086 1134 2142 vel

78 2190 224 2240 vetustate
240 2180 392 2252 delentur,
414 2180 580 2255 eademque
596 2180 634 2237 de
649 2179 801 2250 sideribus
817 2198 891 2254 quae
911 2181 1087 2254 reprehensa
1106 2182 1136 2240 in

41 2279 137 2337 matio
165 2278 225 2336 iarn
251 2278 282 2336 in
309 2277 367 2336 hoc
396 2278 575 2336 omittantur.
619 2276 818 2351 Empedocles
842 2286 940 2334 autem
966 2278 1056 2335 multa
1079 2261 1178 2367 aliass

77 2394 211 2452 peccans
239 2375 269 2433 in
296 2374 421 2433 deornm
450 2375 589 2450 opinione
618 2375 792 2449 turpissume
821 2375 933 2432 labitur.
990 2376 1136 2448 Quattuor

80 2475 160 2531 enirn
182 2483 307 2544 naturas,
329 2473 493 2546 exquibus
517 2472 618 2529 omnia
642 2481 775 2528 constare
801 2481 910 2543 censet,
934 2471 1045 2530 divinas
1071 2492 1134 2531 esse

78 2572 140 2629 vult
150 2591 159 2643 3
182 2588 254 2644 quas
276 2579 305 2628 et
325 2571 406 2628 nasci
428 2580 456 2627 et
478 2569 607 2644 extingui
628 2569 815 2644 perspicuum
835 2579 879 2627 est
899 2579 928 2627 et
947 2588 1034 2627 sensu
1054 2572 1135 2628 omni

80 2685 191 2726 carere.
233 2667 299 2725 Nec
320 2685 390 2725 vero
412 2669 592 2742 Protagoras
611 2667 661 2741 qui
683 2683 746 2724 sese
768 2675 855 2741 negat
876 2666 1053 2724 omninode
1071 2667 1134 2726 deis

41 2787 66 2826 τε
79 2765 190 2824 habere
215 2763 296 2839 quod
323 2764 441 2840 liqueat,
467 2765 532 2836 sint,
557 2782 619 2823 non
644 2764 700 2822 sint
724 2763 860 2837 qualesve
886 2764 951 2835 sint,
977 2765 1134 2838 quicquam

78 2861 197 2921 videtur
214 2860 253 2920 de
274 2872 377 2920 natura
393 2861 517 2919 deorum
538 2861 686 2937 suspicari.
730 2859 832 2933 Quid?
873 2861 1069 2932 Democritus,
1085 2863 1135 2935 qui

79 2968 144 3018 tum
164 2959 306 3035 imagines
327 2977 486 3034 eammque
509 2958 676 3017 circumitus
698 2958 728 3015 in
750 2957 873 3015 deorum
895 2976 1017 3015 numero
1038 2959 1133 3030 refert,

80 3065 143 3115 tum
157 3056 237 3114 illam
251 3066 393 3128 naturam,
408 3074 483 3130 quae
505 3056 646 3131 imagines
667 3053 769 3112 fundat
789 3074 825 3112 ac
844 3055 948 3126 mittat,
964 3064 1025 3112 tum
1040 3056 1133 3113 scien-

80 3155 151 3213 tiam
168 3154 456 3230 intellegentiamque
473 3164 611 3225 nostram,
627 3170 726 3210 nonne
741 3152 771 3209 in
787 3153 915 3210 maximo
930 3170 1026 3210 errore
1040 3171 1134 3210 versa-

43 3273 69 3311 ³0
80 3253 147 3310 tur?
167 3270 238 3310 curn
258 3251 338 3311 idern
360 3251 490 3322 omnino,
512 3251 581 3325 quia
601 3249 673 3307 nihil
694 3267 810 3324 semper
833 3268 886 3307 suo
909 3259 984 3307 statu
1009 3260 1134 3322 maneat,

80 3358 169 3426 neget
194 3367 258 3407 esse
283 3350 443 3425 quicquam
467 3348 686 3423 sempiternum,
709 3365 808 3405 nonne
831 3346 921 3404 deum
948 3348 1068 3405 omnino
1096 3347 1136 3404 ita

80 3447 163 3518 tollit,
186 3455 218 3504 ut
238 3446 349 3504 nullam
370 3446 540 3520 opinionem
561 3445 622 3502 eius
643 3444 784 3518 reliquam
806 3444 914 3502 faciat?
955 3444 1056 3517 Quid?
1077 3445 1134 3516 aer,

81 3562 141 3619 quo
171 3544 322 3619 Diogenes
348 3543 548 3617 Apolloniates
573 3542 661 3599 utitur
682 3541 749 3610 deo,
772 3560 860 3615 quern
885 3560 1003 3599 sensum
1028 3541 1134 3599 habere

82 3649 179 3716 potest
203 3650 254 3699 aut
275 3659 364 3716 quam
388 3640 512 3697 formam
534 3639 603 3697 dei?
645 3639 708 3695 Iam
731 3637 768 3695 de
791 3639 918 3696 Platonis
940 3639 1173 3696 inconstantiam

46 3755 70 3796 as
82 3739 202 3815 longum
217 3747 262 3796 est
276 3737 385 3809 dicere,
400 3738 451 3814 qui
465 3737 495 3794 in
508 3737 631 3793 Timaeo
646 3745 760 3811 patrem
775 3735 859 3793 huius
875 3735 977 3794 mundi
992 3738 1136 3796 nominari
