<?xml version="1.0" encoding="UTF-8"?>
<!DOCTYPE html PUBLIC "-//W3C//DTD XHTML 1.0 Transitional//EN"
    "http://www.w3.org/TR/xhtml1/DTD/xhtml1-transitional.dtd">
<html xmlns="http://www.w3.org/1999/xhtml" xml:lang="en" lang="en">
 <head>
  <title>
</title>
<meta http-equiv="Content-Type" content="text/html;charset=utf-8" />
  <meta name='ocr-system' content='tesseract 3.04.00' />
  <meta name='ocr-capabilities' content='ocr_page ocr_carea ocr_par ocr_line ocrx_word'/>
</head>
<body>
  <div class='ocr_page' id='page_1' title='image "./mtulliiciceroni00schgoog_0066.png"; bbox 0 0 2446 4102; ppageno 0'>
   <div class='ocr_carea' id='block_1_1' title="bbox 331 267 1138 334">
    <p class='ocr_par' dir='ltr' id='par_1_1' title="bbox 331 267 1138 334">
     <span class='ocr_line' id='line_1_1' title="bbox 331 267 1138 334; baseline 0 -16"><span class='ocrx_word' id='word_1_1' title='bbox 331 269 397 318; x_wconf 77' lang='lat' dir='ltr'>rra.</span> <span class='ocrx_word' id='word_1_2' title='bbox 409 268 431 318; x_wconf 86' lang='lat'>1.</span> <span class='ocrx_word' id='word_1_3' title='bbox 465 269 525 318; x_wconf 73' lang='lat' dir='ltr'>cn».</span> <span class='ocrx_word' id='word_1_4' title='bbox 543 270 625 330; x_wconf 85' lang='lat' dir='ltr'>xxv,</span> <span class='ocrx_word' id='word_1_5' title='bbox 636 270 732 318; x_wconf 85' lang='lat' dir='ltr'>xxvr.</span> <span class='ocrx_word' id='word_1_6' title='bbox 767 270 797 333; x_wconf 65' lang='lat' dir='ltr'>§a</span> <span class='ocrx_word' id='word_1_7' title='bbox 811 269 899 333; x_wconf 72' lang='lat' dir='ltr'>6a74.</span> <span class='ocrx_word' id='word_1_8' title='bbox 1100 267 1115 334; x_wconf 83' lang='lat'>5</span> <span class='ocrx_word' id='word_1_9' title='bbox 1122 271 1138 333; x_wconf 81' lang='lat'>3</span> 
     </span>
    </p>
   </div>
   <div class='ocr_carea' id='block_1_2' title="bbox 47 422 1184 3812">
    <p class='ocr_par' dir='ltr' id='par_1_2' title="bbox 47 422 1184 3812">
     <span class='ocr_line' id='line_1_2' title="bbox 89 422 1177 498; baseline -0.004 -17"><span class='ocrx_word' id='word_1_10' title='bbox 89 422 176 482; x_wconf 88' lang='lat' dir='ltr'>Idem</span> <span class='ocrx_word' id='word_1_11' title='bbox 205 423 274 481; x_wconf 85' lang='lat' dir='ltr'>lacit</span> <span class='ocrx_word' id='word_1_12' title='bbox 297 423 327 481; x_wconf 90' lang='lat' dir='ltr'>in</span> <span class='ocrx_word' id='word_1_13' title='bbox 351 431 454 481; x_wconf 89' lang='lat' dir='ltr'>natura</span> <span class='ocrx_word' id='word_1_14' title='bbox 476 423 598 481; x_wconf 90' lang='lat' dir='ltr'>deorum</span> <span class='ocrx_word' id='word_1_15' title='bbox 610 444 618 497; x_wconf 88' lang='lat'>;</span> <span class='ocrx_word' id='word_1_16' title='bbox 647 423 719 481; x_wconf 92' lang='lat' dir='ltr'>dum</span> <span class='ocrx_word' id='word_1_17' title='bbox 744 423 960 481; x_wconf 88' lang='lat' dir='ltr'>individuorum</span> <span class='ocrx_word' id='word_1_18' title='bbox 985 440 1140 498; x_wconf 92' lang='lat' dir='ltr'>corporum</span> <span class='ocrx_word' id='word_1_19' title='bbox 1154 435 1177 477; x_wconf 82' lang='lat'>71</span> 
     </span>
     <span class='ocr_line' id='line_1_3' title="bbox 88 521 1141 596; baseline 0 -18"><span class='ocrx_word' id='word_1_20' title='bbox 88 521 309 579; x_wconf 87' lang='lat' dir='ltr'>concretionem</span> <span class='ocrx_word' id='word_1_21' title='bbox 324 521 403 595; x_wconf 83' lang='lat' dir='ltr'>sugit,</span> <span class='ocrx_word' id='word_1_22' title='bbox 418 538 457 578; x_wconf 88' lang='lat' dir='ltr'>ne</span> <span class='ocrx_word' id='word_1_23' title='bbox 471 521 601 579; x_wconf 92' lang='lat' dir='ltr'>interitus</span> <span class='ocrx_word' id='word_1_24' title='bbox 616 531 646 578; x_wconf 88' lang='lat' dir='ltr'>et</span> <span class='ocrx_word' id='word_1_25' title='bbox 661 521 811 595; x_wconf 80' lang='lat' dir='ltr'>dissipatio</span> <span class='ocrx_word' id='word_1_26' title='bbox 833 531 1038 595; x_wconf 84' lang='lat' dir='ltr'>consequatur,</span> <span class='ocrx_word' id='word_1_27' title='bbox 1054 530 1141 596; x_wconf 89' lang='lat' dir='ltr'>negat</span> 
     </span>
     <span class='ocr_line' id='line_1_4' title="bbox 88 617 1140 693; baseline 0 -17"><span class='ocrx_word' id='word_1_28' title='bbox 88 636 153 676; x_wconf 90' lang='lat' dir='ltr'>esse</span> <span class='ocrx_word' id='word_1_29' title='bbox 168 635 275 692; x_wconf 89' lang='lat' dir='ltr'>corpus</span> <span class='ocrx_word' id='word_1_30' title='bbox 290 617 421 689; x_wconf 90' lang='lat' dir='ltr'>deorum,</span> <span class='ocrx_word' id='word_1_31' title='bbox 437 617 489 675; x_wconf 92' lang='lat' dir='ltr'>sed</span> <span class='ocrx_word' id='word_1_32' title='bbox 511 627 661 692; x_wconf 90' lang='lat' dir='ltr'>tamquam</span> <span class='ocrx_word' id='word_1_33' title='bbox 683 637 797 693; x_wconf 90' lang='lat' dir='ltr'>corpus,</span> <span class='ocrx_word' id='word_1_34' title='bbox 814 636 869 675; x_wconf 90' lang='lat' dir='ltr'>nec</span> <span class='ocrx_word' id='word_1_35' title='bbox 891 619 1071 692; x_wconf 86' lang='lat' dir='ltr'>sanguinem,</span> <span class='ocrx_word' id='word_1_36' title='bbox 1087 618 1140 676; x_wconf 90' lang='lat' dir='ltr'>sed</span> 
     </span>
     <span class='ocr_line' id='line_1_5' title="bbox 89 714 1184 790; baseline 0 -18"><span class='ocrx_word' id='word_1_37' title='bbox 89 724 238 790; x_wconf 86' lang='lat' dir='ltr'>tamquam</span> <span class='ocrx_word' id='word_1_38' title='bbox 253 715 433 790; x_wconf 87' lang='lat' dir='ltr'>sanguinem.</span> <span class='ocrx_word' id='word_1_39' title='bbox 477 715 610 773; x_wconf 86' lang='lat' dir='ltr'>Mirabile</span> <span class='ocrx_word' id='word_1_40' title='bbox 626 715 747 785; x_wconf 89' lang='lat' dir='ltr'>videtur,</span> <span class='ocrx_word' id='word_1_41' title='bbox 764 715 844 789; x_wconf 92' lang='lat' dir='ltr'>quod</span> <span class='ocrx_word' id='word_1_42' title='bbox 865 733 924 772; x_wconf 91' lang='lat' dir='ltr'>non</span> <span class='ocrx_word' id='word_1_43' title='bbox 942 714 1035 772; x_wconf 90' lang='lat' dir='ltr'>rideat</span> <span class='ocrx_word' id='word_1_44' title='bbox 1056 715 1184 773; x_wconf 72' lang='lat' dir='ltr'>ham-26</span> 
     </span>
     <span class='ocr_line' id='line_1_6' title="bbox 57 811 1141 888; baseline 0.001 -19"><span class='ocrx_word' id='word_1_45' title='bbox 57 831 170 888; x_wconf 84' lang='lat' dir='ltr'>sspex,</span> <span class='ocrx_word' id='word_1_46' title='bbox 185 831 254 870; x_wconf 89' lang='lat' dir='ltr'>cum</span> <span class='ocrx_word' id='word_1_47' title='bbox 275 812 458 887; x_wconf 87' lang='lat' dir='ltr'>haruspicem</span> <span class='ocrx_word' id='word_1_48' title='bbox 479 811 601 885; x_wconf 75' lang='lat' dir='ltr'>viderit,</span> <span class='ocrx_word' id='word_1_49' title='bbox 625 813 682 869; x_wconf 88' lang='lat' dir='ltr'>hoe</span> <span class='ocrx_word' id='word_1_50' title='bbox 705 812 869 882; x_wconf 70' lang='lat' dir='ltr'>mirabilius</span> <span class='ocrx_word' id='word_1_51' title='bbox 892 812 973 885; x_wconf 92' lang='lat' dir='ltr'>quod</span> <span class='ocrx_word' id='word_1_52' title='bbox 995 831 1046 870; x_wconf 92' lang='lat' dir='ltr'>vos</span> <span class='ocrx_word' id='word_1_53' title='bbox 1067 812 1141 870; x_wconf 92' lang='lat' dir='ltr'>inter</span> 
     </span>
     <span class='ocr_line' id='line_1_7' title="bbox 88 910 1139 986; baseline 0 -18"><span class='ocrx_word' id='word_1_54' title='bbox 88 929 140 969; x_wconf 93' lang='lat' dir='ltr'>vos</span> <span class='ocrx_word' id='word_1_55' title='bbox 154 910 243 968; x_wconf 92' lang='lat' dir='ltr'>risum</span> <span class='ocrx_word' id='word_1_56' title='bbox 258 920 357 968; x_wconf 88' lang='lat' dir='ltr'>tenere</span> <span class='ocrx_word' id='word_1_57' title='bbox 374 911 499 986; x_wconf 91' lang='lat' dir='ltr'>possitis.</span> <span class='ocrx_word' id='word_1_58' title='bbox 543 912 630 968; x_wconf 90' lang='lat' dir='ltr'>‘Non</span> <span class='ocrx_word' id='word_1_59' title='bbox 646 921 689 968; x_wconf 92' lang='lat' dir='ltr'>est</span> <span class='ocrx_word' id='word_1_60' title='bbox 704 928 819 984; x_wconf 74' lang='lat' dir='ltr'>corpus</span> <span class='ocrx_word' id='word_1_61' title='bbox 835 910 888 968; x_wconf 90' lang='lat' dir='ltr'>sed</span> <span class='ocrx_word' id='word_1_62' title='bbox 910 911 992 984; x_wconf 88' lang='lat' dir='ltr'>quasi</span> <span class='ocrx_word' id='word_1_63' title='bbox 1013 913 1139 985; x_wconf 67' lang='lat' dir='ltr'>corpus!</span> 
     </span>
     <span class='ocr_line' id='line_1_8' title="bbox 90 1007 1140 1083; baseline 0 -18"><span class='ocrx_word' id='word_1_64' title='bbox 90 1010 161 1066; x_wconf 90' lang='lat' dir='ltr'>Hoc</span> <span class='ocrx_word' id='word_1_65' title='bbox 176 1009 373 1083; x_wconf 89' lang='lat' dir='ltr'>intellegerem</span> <span class='ocrx_word' id='word_1_66' title='bbox 388 1008 472 1082; x_wconf 91' lang='lat' dir='ltr'>quale</span> <span class='ocrx_word' id='word_1_67' title='bbox 488 1018 573 1079; x_wconf 91' lang='lat' dir='ltr'>esset,</span> <span class='ocrx_word' id='word_1_68' title='bbox 589 1009 611 1065; x_wconf 89' lang='lat' dir='ltr'>si</span> <span class='ocrx_word' id='word_1_69' title='bbox 627 1009 656 1065; x_wconf 93' lang='lat' dir='ltr'>in</span> <span class='ocrx_word' id='word_1_70' title='bbox 672 1009 744 1064; x_wconf 88' lang='lat' dir='ltr'>ceris</span> <span class='ocrx_word' id='word_1_71' title='bbox 759 1008 915 1082; x_wconf 84' lang='lat' dir='ltr'>fingeretur</span> <span class='ocrx_word' id='word_1_72' title='bbox 936 1017 985 1064; x_wconf 90' lang='lat' dir='ltr'>aut</span> <span class='ocrx_word' id='word_1_73' title='bbox 1005 1007 1140 1066; x_wconf 89' lang='lat' dir='ltr'>fictilibus</span> 
     </span>
     <span class='ocr_line' id='line_1_9' title="bbox 88 1104 1139 1180; baseline -0.002 -18"><span class='ocrx_word' id='word_1_74' title='bbox 88 1105 207 1180; x_wconf 72' lang='lat' dir='ltr'>figuris,</span> <span class='ocrx_word' id='word_1_75' title='bbox 235 1105 263 1162; x_wconf 93' lang='lat' dir='ltr'>in</span> <span class='ocrx_word' id='word_1_76' title='bbox 287 1104 345 1163; x_wconf 90' lang='lat' dir='ltr'>deo</span> <span class='ocrx_word' id='word_1_77' title='bbox 366 1104 437 1180; x_wconf 90' lang='lat' dir='ltr'>quid</span> <span class='ocrx_word' id='word_1_78' title='bbox 460 1106 497 1162; x_wconf 92' lang='lat' dir='ltr'>sit</span> <span class='ocrx_word' id='word_1_79' title='bbox 520 1105 619 1180; x_wconf 83' lang='lat' dir='ltr'>‘quasi</span> <span class='ocrx_word' id='word_1_80' title='bbox 642 1106 767 1179; x_wconf 84' lang='lat' dir='ltr'>corpus&#39;</span> <span class='ocrx_word' id='word_1_81' title='bbox 793 1115 842 1162; x_wconf 90' lang='lat' dir='ltr'>aut</span> <span class='ocrx_word' id='word_1_82' title='bbox 871 1105 970 1178; x_wconf 86' lang='lat' dir='ltr'>‘quasi</span> <span class='ocrx_word' id='word_1_83' title='bbox 999 1106 1139 1178; x_wconf 87' lang='lat' dir='ltr'>sanguis’,</span> 
     </span>
     <span class='ocr_line' id='line_1_10' title="bbox 88 1200 1140 1278; baseline -0.002 -18"><span class='ocrx_word' id='word_1_84' title='bbox 88 1202 256 1278; x_wconf 88' lang='lat' dir='ltr'>intellegere</span> <span class='ocrx_word' id='word_1_85' title='bbox 281 1221 342 1260; x_wconf 91' lang='lat' dir='ltr'>non</span> <span class='ocrx_word' id='word_1_86' title='bbox 366 1221 507 1277; x_wconf 88' lang='lat' dir='ltr'>possum;</span> <span class='ocrx_word' id='word_1_87' title='bbox 535 1220 572 1259; x_wconf 92' lang='lat' dir='ltr'>ne</span> <span class='ocrx_word' id='word_1_88' title='bbox 596 1212 627 1259; x_wconf 90' lang='lat' dir='ltr'>tu</span> <span class='ocrx_word' id='word_1_89' title='bbox 651 1200 782 1277; x_wconf 90' lang='lat' dir='ltr'>quidem,</span> <span class='ocrx_word' id='word_1_90' title='bbox 808 1202 908 1271; x_wconf 87' lang='lat' dir='ltr'>Vellei,</span> <span class='ocrx_word' id='word_1_91' title='bbox 935 1201 988 1259; x_wconf 90' lang='lat' dir='ltr'>sed</span> <span class='ocrx_word' id='word_1_92' title='bbox 1014 1220 1072 1258; x_wconf 93' lang='lat' dir='ltr'>non</span> <span class='ocrx_word' id='word_1_93' title='bbox 1098 1203 1140 1259; x_wconf 90' lang='lat' dir='ltr'>vis</span> 
     </span>
     <span class='ocr_line' id='line_1_11' title="bbox 49 1298 1178 1374; baseline -0.005 -16"><span class='ocrx_word' id='word_1_94' title='bbox 49 1321 75 1347; x_wconf 84' lang='lat'>¹0</span> <span class='ocrx_word' id='word_1_95' title='bbox 87 1300 179 1358; x_wconf 87' lang='lat' dir='ltr'>fateri.</span> <span class='ocrx_word' id='word_1_96' title='bbox 222 1301 283 1357; x_wconf 86' lang='lat' dir='ltr'>Ista</span> <span class='ocrx_word' id='word_1_97' title='bbox 306 1299 384 1357; x_wconf 93' lang='lat' dir='ltr'>enim</span> <span class='ocrx_word' id='word_1_98' title='bbox 408 1318 426 1355; x_wconf 88' lang='lat' dir='ltr'>a</span> <span class='ocrx_word' id='word_1_99' title='bbox 445 1300 527 1357; x_wconf 89' lang='lat' dir='ltr'>vobis</span> <span class='ocrx_word' id='word_1_100' title='bbox 550 1299 632 1373; x_wconf 89' lang='lat' dir='ltr'>quasi</span> <span class='ocrx_word' id='word_1_101' title='bbox 658 1299 766 1357; x_wconf 88' lang='lat' dir='ltr'>dictata</span> <span class='ocrx_word' id='word_1_102' title='bbox 787 1298 1047 1373; x_wconf 81' lang='lat' dir='ltr'>reddantur,quae</span> <span class='ocrx_word' id='word_1_103' title='bbox 1071 1300 1139 1374; x_wconf 90' lang='lat' dir='ltr'>Epi·</span> <span class='ocrx_word' id='word_1_104' title='bbox 1153 1309 1178 1350; x_wconf 75' lang='lat' dir='ltr'>ta</span> 
     </span>
     <span class='ocr_line' id='line_1_12' title="bbox 88 1395 1141 1471; baseline -0.001 -17"><span class='ocrx_word' id='word_1_105' title='bbox 88 1415 176 1454; x_wconf 90' lang='lat' dir='ltr'>curus</span> <span class='ocrx_word' id='word_1_106' title='bbox 203 1397 329 1454; x_wconf 90' lang='lat' dir='ltr'>oscitans</span> <span class='ocrx_word' id='word_1_107' title='bbox 360 1396 540 1454; x_wconf 88' lang='lat' dir='ltr'>halucinatus</span> <span class='ocrx_word' id='word_1_108' title='bbox 572 1408 624 1468; x_wconf 88' lang='lat' dir='ltr'>est,</span> <span class='ocrx_word' id='word_1_109' title='bbox 654 1416 722 1454; x_wconf 91' lang='lat' dir='ltr'>cum</span> <span class='ocrx_word' id='word_1_110' title='bbox 753 1395 873 1471; x_wconf 93' lang='lat' dir='ltr'>quidem</span> <span class='ocrx_word' id='word_1_111' title='bbox 904 1397 1080 1470; x_wconf 86' lang='lat' dir='ltr'>gloriaretur,</span> <span class='ocrx_word' id='word_1_112' title='bbox 1108 1406 1141 1453; x_wconf 92' lang='lat' dir='ltr'>ut</span> 
     </span>
     <span class='ocr_line' id='line_1_13' title="bbox 86 1492 1140 1569; baseline -0.001 -18"><span class='ocrx_word' id='word_1_113' title='bbox 86 1493 222 1551; x_wconf 90' lang='lat' dir='ltr'>videmus</span> <span class='ocrx_word' id='word_1_114' title='bbox 242 1493 272 1550; x_wconf 93' lang='lat' dir='ltr'>in</span> <span class='ocrx_word' id='word_1_115' title='bbox 294 1492 416 1568; x_wconf 91' lang='lat' dir='ltr'>scriptis,</span> <span class='ocrx_word' id='word_1_116' title='bbox 439 1512 469 1551; x_wconf 91' lang='lat' dir='ltr'>se</span> <span class='ocrx_word' id='word_1_117' title='bbox 491 1494 660 1569; x_wconf 89' lang='lat' dir='ltr'>magistrum</span> <span class='ocrx_word' id='word_1_118' title='bbox 682 1493 816 1551; x_wconf 83' lang='lat' dir='ltr'>habuisse</span> <span class='ocrx_word' id='word_1_119' title='bbox 838 1493 957 1550; x_wconf 86' lang='lat' dir='ltr'>nullum.</span> <span class='ocrx_word' id='word_1_120' title='bbox 1001 1492 1091 1565; x_wconf 91' lang='lat' dir='ltr'>Quod</span> <span class='ocrx_word' id='word_1_121' title='bbox 1113 1493 1140 1550; x_wconf 91' lang='lat' dir='ltr'>ei</span> 
     </span>
     <span class='ocr_line' id='line_1_14' title="bbox 87 1589 1141 1666; baseline -0.001 -18"><span class='ocrx_word' id='word_1_122' title='bbox 87 1609 150 1649; x_wconf 92' lang='lat' dir='ltr'>non</span> <span class='ocrx_word' id='word_1_123' title='bbox 178 1589 359 1665; x_wconf 88' lang='lat' dir='ltr'>praedicanti</span> <span class='ocrx_word' id='word_1_124' title='bbox 387 1600 485 1648; x_wconf 89' lang='lat' dir='ltr'>tamen</span> <span class='ocrx_word' id='word_1_125' title='bbox 513 1591 596 1649; x_wconf 84' lang='lat' dir='ltr'>facile</span> <span class='ocrx_word' id='word_1_126' title='bbox 622 1591 760 1666; x_wconf 87' lang='lat' dir='ltr'>equidem</span> <span class='ocrx_word' id='word_1_127' title='bbox 785 1590 946 1661; x_wconf 87' lang='lat' dir='ltr'>crederem,</span> <span class='ocrx_word' id='word_1_128' title='bbox 972 1591 1046 1647; x_wconf 90' lang='lat' dir='ltr'>sicut</span> <span class='ocrx_word' id='word_1_129' title='bbox 1073 1590 1141 1647; x_wconf 90' lang='lat' dir='ltr'>mali</span> 
     </span>
     <span class='ocr_line' id='line_1_15' title="bbox 88 1687 1141 1763; baseline -0.002 -17"><span class='ocrx_word' id='word_1_130' title='bbox 88 1687 216 1746; x_wconf 90' lang='lat' dir='ltr'>aedificii</span> <span class='ocrx_word' id='word_1_131' title='bbox 241 1687 361 1746; x_wconf 92' lang='lat' dir='ltr'>domino</span> <span class='ocrx_word' id='word_1_132' title='bbox 387 1689 519 1763; x_wconf 87' lang='lat' dir='ltr'>glorianti</span> <span class='ocrx_word' id='word_1_133' title='bbox 540 1707 571 1746; x_wconf 87' lang='lat' dir='ltr'>se</span> <span class='ocrx_word' id='word_1_134' title='bbox 593 1688 783 1745; x_wconf 89' lang='lat' dir='ltr'>architectum</span> <span class='ocrx_word' id='word_1_135' title='bbox 805 1707 864 1745; x_wconf 93' lang='lat' dir='ltr'>non</span> <span class='ocrx_word' id='word_1_136' title='bbox 887 1688 1021 1745; x_wconf 90' lang='lat' dir='ltr'>habuisse</span> <span class='ocrx_word' id='word_1_137' title='bbox 1033 1708 1041 1760; x_wconf 89' lang='lat'>;</span> <span class='ocrx_word' id='word_1_138' title='bbox 1070 1688 1141 1744; x_wconf 89' lang='lat' dir='ltr'>nihil</span> 
     </span>
     <span class='ocr_line' id='line_1_16' title="bbox 50 1784 1140 1860; baseline -0.002 -16"><span class='ocrx_word' id='word_1_139' title='bbox 50 1786 169 1846; x_wconf 82' lang='lat' dir='ltr'>1senim</span> <span class='ocrx_word' id='word_1_140' title='bbox 194 1785 253 1843; x_wconf 90' lang='lat' dir='ltr'>olet</span> <span class='ocrx_word' id='word_1_141' title='bbox 273 1803 310 1842; x_wconf 90' lang='lat' dir='ltr'>ex</span> <span class='ocrx_word' id='word_1_142' title='bbox 330 1784 501 1857; x_wconf 85' lang='lat' dir='ltr'>Academia,</span> <span class='ocrx_word' id='word_1_143' title='bbox 523 1786 594 1843; x_wconf 94' lang='lat' dir='ltr'>nihil</span> <span class='ocrx_word' id='word_1_144' title='bbox 615 1804 652 1843; x_wconf 85' lang='lat' dir='ltr'>ex</span> <span class='ocrx_word' id='word_1_145' title='bbox 674 1786 773 1860; x_wconf 89' lang='lat' dir='ltr'>Lycio,</span> <span class='ocrx_word' id='word_1_146' title='bbox 794 1785 865 1842; x_wconf 93' lang='lat' dir='ltr'>nihil</span> <span class='ocrx_word' id='word_1_147' title='bbox 887 1802 923 1841; x_wconf 95' lang='lat' dir='ltr'>ne</span> <span class='ocrx_word' id='word_1_148' title='bbox 946 1803 961 1841; x_wconf 89' lang='lat' dir='ltr'>e</span> <span class='ocrx_word' id='word_1_149' title='bbox 983 1785 1140 1858; x_wconf 89' lang='lat' dir='ltr'>puerilibus</span> 
     </span>
     <span class='ocr_line' id='line_1_17' title="bbox 88 1882 1141 1959; baseline -0.001 -18"><span class='ocrx_word' id='word_1_150' title='bbox 88 1882 210 1959; x_wconf 90' lang='lat' dir='ltr'>quidem</span> <span class='ocrx_word' id='word_1_151' title='bbox 232 1883 400 1958; x_wconf 83' lang='lat' dir='ltr'>disciplinis</span> <span class='ocrx_word' id='word_1_152' title='bbox 442 1885 628 1941; x_wconf 91' lang='lat' dir='ltr'>Xenocraten</span> <span class='ocrx_word' id='word_1_153' title='bbox 650 1882 750 1940; x_wconf 87' lang='lat' dir='ltr'>audire</span> <span class='ocrx_word' id='word_1_154' title='bbox 771 1884 874 1957; x_wconf 91' lang='lat' dir='ltr'>potuit,</span> <span class='ocrx_word' id='word_1_155' title='bbox 890 1901 977 1956; x_wconf 94' lang='lat' dir='ltr'>quem</span> <span class='ocrx_word' id='word_1_156' title='bbox 992 1882 1094 1953; x_wconf 92' lang='lat' dir='ltr'>virum,</span> <span class='ocrx_word' id='word_1_157' title='bbox 1110 1882 1141 1940; x_wconf 93' lang='lat' dir='ltr'>di</span> 
     </span>
     <span class='ocr_line' id='line_1_18' title="bbox 87 1979 1140 2056; baseline -0.002 -17"><span class='ocrx_word' id='word_1_158' title='bbox 87 1982 275 2041; x_wconf 86' lang='lat' dir='ltr'>inmortales!</span> <span class='ocrx_word' id='word_1_159' title='bbox 297 1990 327 2039; x_wconf 91' lang='lat' dir='ltr'>et</span> <span class='ocrx_word' id='word_1_160' title='bbox 351 1990 418 2039; x_wconf 91' lang='lat' dir='ltr'>sunt</span> <span class='ocrx_word' id='word_1_161' title='bbox 439 1982 489 2056; x_wconf 93' lang='lat' dir='ltr'>qui</span> <span class='ocrx_word' id='word_1_162' title='bbox 510 1991 614 2056; x_wconf 92' lang='lat' dir='ltr'>putent</span> <span class='ocrx_word' id='word_1_163' title='bbox 634 1981 769 2052; x_wconf 72' lang='lat' dir='ltr'>audisse,</span> <span class='ocrx_word' id='word_1_164' title='bbox 791 1982 853 2055; x_wconf 89' lang='lat' dir='ltr'>ipse</span> <span class='ocrx_word' id='word_1_165' title='bbox 875 1998 934 2036; x_wconf 92' lang='lat' dir='ltr'>non</span> <span class='ocrx_word' id='word_1_166' title='bbox 949 1980 1008 2037; x_wconf 92' lang='lat' dir='ltr'>vult</span> <span class='ocrx_word' id='word_1_167' title='bbox 1019 1999 1026 2051; x_wconf 88' lang='lat'>;</span> <span class='ocrx_word' id='word_1_168' title='bbox 1050 1979 1140 2037; x_wconf 88' lang='lat' dir='ltr'>credo</span> 
     </span>
     <span class='ocr_line' id='line_1_19' title="bbox 86 2076 1142 2155; baseline -0.005 -17"><span class='ocrx_word' id='word_1_169' title='bbox 86 2080 154 2155; x_wconf 91' lang='lat' dir='ltr'>plus</span> <span class='ocrx_word' id='word_1_170' title='bbox 176 2079 295 2138; x_wconf 90' lang='lat' dir='ltr'>nemini.</span> <span class='ocrx_word' id='word_1_171' title='bbox 338 2079 521 2154; x_wconf 91' lang='lat' dir='ltr'>Pamphilum</span> <span class='ocrx_word' id='word_1_172' title='bbox 543 2077 701 2152; x_wconf 86' lang='lat' dir='ltr'>quendam,</span> <span class='ocrx_word' id='word_1_173' title='bbox 726 2078 851 2135; x_wconf 86' lang='lat' dir='ltr'>Platonis</span> <span class='ocrx_word' id='word_1_174' title='bbox 873 2076 1045 2147; x_wconf 88' lang='lat' dir='ltr'>auditorem,</span> <span class='ocrx_word' id='word_1_175' title='bbox 1063 2078 1102 2134; x_wconf 91' lang='lat' dir='ltr'>ait</span> <span class='ocrx_word' id='word_1_176' title='bbox 1123 2095 1142 2133; x_wconf 90' lang='lat' dir='ltr'>a</span> 
     </span>
     <span class='ocr_line' id='line_1_20' title="bbox 88 2175 1141 2250; baseline -0.005 -14"><span class='ocrx_word' id='word_1_177' title='bbox 88 2196 120 2237; x_wconf 93' lang='lat' dir='ltr'>se</span> <span class='ocrx_word' id='word_1_178' title='bbox 136 2177 215 2237; x_wconf 91' lang='lat' dir='ltr'>Sami</span> <span class='ocrx_word' id='word_1_179' title='bbox 230 2175 361 2235; x_wconf 89' lang='lat' dir='ltr'>auditum</span> <span class='ocrx_word' id='word_1_180' title='bbox 372 2198 380 2250; x_wconf 81' lang='lat'>3</span> <span class='ocrx_word' id='word_1_181' title='bbox 402 2177 442 2234; x_wconf 93' lang='lat' dir='ltr'>ibi</span> <span class='ocrx_word' id='word_1_182' title='bbox 457 2177 535 2234; x_wconf 91' lang='lat' dir='ltr'>enim</span> <span class='ocrx_word' id='word_1_183' title='bbox 556 2175 728 2233; x_wconf 89' lang='lat' dir='ltr'>adulescens</span> <span class='ocrx_word' id='word_1_184' title='bbox 750 2175 898 2232; x_wconf 81' lang='lat' dir='ltr'>habitabat</span> <span class='ocrx_word' id='word_1_185' title='bbox 920 2193 987 2230; x_wconf 93' lang='lat' dir='ltr'>cum</span> <span class='ocrx_word' id='word_1_186' title='bbox 1009 2183 1089 2248; x_wconf 91' lang='lat' dir='ltr'>patre</span> <span class='ocrx_word' id='word_1_187' title='bbox 1112 2184 1141 2231; x_wconf 90' lang='lat' dir='ltr'>et</span> 
     </span>
     <span class='ocr_line' id='line_1_21' title="bbox 48 2270 1141 2349; baseline -0.006 -15"><span class='ocrx_word' id='word_1_188' title='bbox 48 2294 75 2322; x_wconf 67' lang='grc' dir='ltr'><em>ω</em></span> <span class='ocrx_word' id='word_1_189' title='bbox 87 2275 232 2346; x_wconf 74' lang='lat' dir='ltr'>fratribus</span> <span class='ocrx_word' id='word_1_190' title='bbox 247 2274 329 2349; x_wconf 92' lang='lat' dir='ltr'>quod</span> <span class='ocrx_word' id='word_1_191' title='bbox 343 2275 372 2331; x_wconf 93' lang='lat' dir='ltr'>in</span> <span class='ocrx_word' id='word_1_192' title='bbox 387 2292 453 2331; x_wconf 91' lang='lat' dir='ltr'>eam</span> <span class='ocrx_word' id='word_1_193' title='bbox 467 2283 550 2348; x_wconf 91' lang='lat' dir='ltr'>pater</span> <span class='ocrx_word' id='word_1_194' title='bbox 563 2274 625 2330; x_wconf 92' lang='lat' dir='ltr'>eius</span> <span class='ocrx_word' id='word_1_195' title='bbox 641 2274 769 2330; x_wconf 88' lang='lat' dir='ltr'>Neocles</span> <span class='ocrx_word' id='word_1_196' title='bbox 787 2273 916 2346; x_wconf 88' lang='lat' dir='ltr'>agripeta</span> <span class='ocrx_word' id='word_1_197' title='bbox 929 2281 1066 2343; x_wconf 74' lang='lat' dir='ltr'>venerat,</span> <span class='ocrx_word' id='word_1_198' title='bbox 1088 2270 1141 2328; x_wconf 90' lang='lat' dir='ltr'>sed</span> 
     </span>
     <span class='ocr_line' id='line_1_22' title="bbox 87 2367 1140 2448; baseline -0.006 -17"><span class='ocrx_word' id='word_1_199' title='bbox 87 2391 158 2431; x_wconf 91' lang='lat' dir='ltr'>cum</span> <span class='ocrx_word' id='word_1_200' title='bbox 174 2372 281 2448; x_wconf 90' lang='lat' dir='ltr'>agellus</span> <span class='ocrx_word' id='word_1_201' title='bbox 296 2390 364 2430; x_wconf 91' lang='lat' dir='ltr'>eum</span> <span class='ocrx_word' id='word_1_202' title='bbox 379 2389 439 2429; x_wconf 93' lang='lat' dir='ltr'>non</span> <span class='ocrx_word' id='word_1_203' title='bbox 457 2371 525 2428; x_wconf 89' lang='lat' dir='ltr'>satis</span> <span class='ocrx_word' id='word_1_204' title='bbox 546 2372 643 2440; x_wconf 88' lang='lat' dir='ltr'>aleret,</span> <span class='ocrx_word' id='word_1_205' title='bbox 659 2378 691 2426; x_wconf 92' lang='lat' dir='ltr'>ut</span> <span class='ocrx_word' id='word_1_206' title='bbox 712 2369 824 2443; x_wconf 85' lang='lat' dir='ltr'>opinor,</span> <span class='ocrx_word' id='word_1_207' title='bbox 840 2367 901 2426; x_wconf 93' lang='lat' dir='ltr'>ludi</span> <span class='ocrx_word' id='word_1_208' title='bbox 923 2369 1058 2442; x_wconf 88' lang='lat' dir='ltr'>magister</span> <span class='ocrx_word' id='word_1_209' title='bbox 1079 2368 1140 2426; x_wconf 87' lang='lat' dir='ltr'>suit.</span> 
     </span>
     <span class='ocr_line' id='line_1_23' title="bbox 87 2465 1178 2540; baseline -0.01 -10"><span class='ocrx_word' id='word_1_210' title='bbox 87 2468 148 2530; x_wconf 90' lang='lat' dir='ltr'>Sed</span> <span class='ocrx_word' id='word_1_211' title='bbox 162 2469 242 2527; x_wconf 92' lang='lat' dir='ltr'>hunc</span> <span class='ocrx_word' id='word_1_212' title='bbox 256 2469 438 2528; x_wconf 90' lang='lat' dir='ltr'>Platonicum</span> <span class='ocrx_word' id='word_1_213' title='bbox 458 2468 578 2526; x_wconf 91' lang='lat' dir='ltr'>mirifice</span> <span class='ocrx_word' id='word_1_214' title='bbox 600 2467 762 2525; x_wconf 85' lang='lat' dir='ltr'>contemnit</span> <span class='ocrx_word' id='word_1_215' title='bbox 784 2467 946 2540; x_wconf 79' lang='lat' dir='ltr'>Epicurn53</span> <span class='ocrx_word' id='word_1_216' title='bbox 968 2466 1008 2522; x_wconf 91' lang='lat' dir='ltr'>ita</span> <span class='ocrx_word' id='word_1_217' title='bbox 1028 2465 1139 2535; x_wconf 89' lang='lat' dir='ltr'>metuit,</span> <span class='ocrx_word' id='word_1_218' title='bbox 1154 2476 1178 2518; x_wconf 82' lang='lat' dir='ltr'>ta</span> 
     </span>
     <span class='ocr_line' id='line_1_24' title="bbox 86 2561 1140 2643; baseline -0.008 -17"><span class='ocrx_word' id='word_1_219' title='bbox 86 2586 126 2626; x_wconf 93' lang='lat' dir='ltr'>ne</span> <span class='ocrx_word' id='word_1_220' title='bbox 141 2566 214 2643; x_wconf 92' lang='lat' dir='ltr'>quid</span> <span class='ocrx_word' id='word_1_221' title='bbox 227 2586 368 2642; x_wconf 92' lang='lat' dir='ltr'>umquam</span> <span class='ocrx_word' id='word_1_222' title='bbox 384 2565 520 2624; x_wconf 89' lang='lat' dir='ltr'>didicisse</span> <span class='ocrx_word' id='word_1_223' title='bbox 535 2565 675 2623; x_wconf 85' lang='lat' dir='ltr'>videatur.</span> <span class='ocrx_word' id='word_1_224' title='bbox 719 2566 754 2621; x_wconf 91' lang='lat' dir='ltr'>In</span> <span class='ocrx_word' id='word_1_225' title='bbox 775 2563 964 2637; x_wconf 86' lang='lat' dir='ltr'>Nausiphane</span> <span class='ocrx_word' id='word_1_226' title='bbox 987 2561 1140 2619; x_wconf 89' lang='lat' dir='ltr'>Democri·</span> 
     </span>
     <span class='ocr_line' id='line_1_25' title="bbox 86 2661 1141 2739; baseline -0.009 -16"><span class='ocrx_word' id='word_1_227' title='bbox 86 2674 138 2724; x_wconf 90' lang='lat' dir='ltr'>teo</span> <span class='ocrx_word' id='word_1_228' title='bbox 153 2674 268 2723; x_wconf 92' lang='lat' dir='ltr'>tenetur</span> <span class='ocrx_word' id='word_1_229' title='bbox 279 2685 287 2736; x_wconf 80' lang='lat'><em>3</em></span> <span class='ocrx_word' id='word_1_230' title='bbox 308 2683 397 2739; x_wconf 89' lang='lat' dir='ltr'>quem</span> <span class='ocrx_word' id='word_1_231' title='bbox 413 2683 481 2722; x_wconf 90' lang='lat' dir='ltr'>cum</span> <span class='ocrx_word' id='word_1_232' title='bbox 501 2683 519 2720; x_wconf 89' lang='lat' dir='ltr'>a</span> <span class='ocrx_word' id='word_1_233' title='bbox 537 2681 568 2721; x_wconf 92' lang='lat' dir='ltr'>se</span> <span class='ocrx_word' id='word_1_234' title='bbox 590 2682 650 2720; x_wconf 91' lang='lat' dir='ltr'>non</span> <span class='ocrx_word' id='word_1_235' title='bbox 672 2671 759 2736; x_wconf 90' lang='lat' dir='ltr'>neget</span> <span class='ocrx_word' id='word_1_236' title='bbox 780 2661 921 2730; x_wconf 90' lang='lat' dir='ltr'>auditum,</span> <span class='ocrx_word' id='word_1_237' title='bbox 936 2669 1021 2716; x_wconf 89' lang='lat' dir='ltr'>vexat</span> <span class='ocrx_word' id='word_1_238' title='bbox 1043 2669 1141 2716; x_wconf 92' lang='lat' dir='ltr'>tamen</span> 
     </span>
     <span class='ocr_line' id='line_1_26' title="bbox 47 2755 1140 2835; baseline -0.008 -14"><span class='ocrx_word' id='word_1_239' title='bbox 47 2784 73 2823; x_wconf 78' lang='lat'>2⁵</span> <span class='ocrx_word' id='word_1_240' title='bbox 87 2762 225 2822; x_wconf 90' lang='lat' dir='ltr'>omnibus</span> <span class='ocrx_word' id='word_1_241' title='bbox 239 2762 432 2820; x_wconf 89' lang='lat' dir='ltr'>contumeliis.</span> <span class='ocrx_word' id='word_1_242' title='bbox 474 2762 562 2835; x_wconf 87' lang='lat' dir='ltr'>Atqui</span> <span class='ocrx_word' id='word_1_243' title='bbox 577 2761 599 2818; x_wconf 93' lang='lat' dir='ltr'>si</span> <span class='ocrx_word' id='word_1_244' title='bbox 615 2760 687 2817; x_wconf 88' lang='lat' dir='ltr'>haee</span> <span class='ocrx_word' id='word_1_245' title='bbox 711 2759 899 2816; x_wconf 89' lang='lat' dir='ltr'>Democritea</span> <span class='ocrx_word' id='word_1_246' title='bbox 921 2775 981 2813; x_wconf 92' lang='lat' dir='ltr'>non</span> <span class='ocrx_word' id='word_1_247' title='bbox 1003 2755 1140 2826; x_wconf 87' lang='lat' dir='ltr'>audisset,</span> 
     </span>
     <span class='ocr_line' id='line_1_27' title="bbox 86 2854 1142 2936; baseline -0.009 -18"><span class='ocrx_word' id='word_1_248' title='bbox 86 2859 159 2936; x_wconf 92' lang='lat' dir='ltr'>quid</span> <span class='ocrx_word' id='word_1_249' title='bbox 174 2859 326 2918; x_wconf 84' lang='lat' dir='ltr'>audierat?</span> <span class='ocrx_word' id='word_1_250' title='bbox 346 2859 417 2935; x_wconf 90' lang='lat' dir='ltr'>quid</span> <span class='ocrx_word' id='word_1_251' title='bbox 432 2859 519 2916; x_wconf 91' lang='lat' dir='ltr'>estin</span> <span class='ocrx_word' id='word_1_252' title='bbox 534 2859 660 2933; x_wconf 87' lang='lat' dir='ltr'>physicis</span> <span class='ocrx_word' id='word_1_253' title='bbox 684 2857 802 2931; x_wconf 89' lang='lat' dir='ltr'>Epicuri</span> <span class='ocrx_word' id='word_1_254' title='bbox 826 2873 885 2912; x_wconf 92' lang='lat' dir='ltr'>non</span> <span class='ocrx_word' id='word_1_255' title='bbox 909 2873 926 2910; x_wconf 92' lang='lat' dir='ltr'>a</span> <span class='ocrx_word' id='word_1_256' title='bbox 950 2854 1142 2910; x_wconf 84' lang='lat' dir='ltr'>Democrito?</span> 
     </span>
     <span class='ocr_line' id='line_1_28' title="bbox 88 2950 1140 3032; baseline -0.01 -16"><span class='ocrx_word' id='word_1_257' title='bbox 88 2959 168 3016; x_wconf 91' lang='lat' dir='ltr'>Nam</span> <span class='ocrx_word' id='word_1_258' title='bbox 190 2957 245 3015; x_wconf 91' lang='lat' dir='ltr'>etsi</span> <span class='ocrx_word' id='word_1_259' title='bbox 266 2956 412 3032; x_wconf 89' lang='lat' dir='ltr'>quaedam</span> <span class='ocrx_word' id='word_1_260' title='bbox 436 2956 633 3025; x_wconf 88' lang='lat' dir='ltr'>commutavit,</span> <span class='ocrx_word' id='word_1_261' title='bbox 650 2965 681 3012; x_wconf 94' lang='lat' dir='ltr'>ut</span> <span class='ocrx_word' id='word_1_262' title='bbox 696 2953 778 3029; x_wconf 89' lang='lat' dir='ltr'>quod</span> <span class='ocrx_word' id='word_1_263' title='bbox 799 2952 885 3028; x_wconf 88' lang='lat' dir='ltr'>paulo</span> <span class='ocrx_word' id='word_1_264' title='bbox 908 2962 974 3008; x_wconf 89' lang='lat' dir='ltr'>ante</span> <span class='ocrx_word' id='word_1_265' title='bbox 1000 2951 1038 3009; x_wconf 89' lang='lat' dir='ltr'>de</span> <span class='ocrx_word' id='word_1_266' title='bbox 1061 2950 1140 3007; x_wconf 90' lang='lat' dir='ltr'>incli-</span> 
     </span>
     <span class='ocr_line' id='line_1_29' title="bbox 86 3049 1140 3127; baseline -0.008 -14"><span class='ocrx_word' id='word_1_267' title='bbox 86 3056 207 3113; x_wconf 91' lang='lat' dir='ltr'>natione</span> <span class='ocrx_word' id='word_1_268' title='bbox 231 3064 395 3112; x_wconf 88' lang='lat' dir='ltr'>atomorum</span> <span class='ocrx_word' id='word_1_269' title='bbox 417 3054 485 3124; x_wconf 88' lang='lat' dir='ltr'>dixi,</span> <span class='ocrx_word' id='word_1_270' title='bbox 501 3063 599 3110; x_wconf 91' lang='lat' dir='ltr'>tamen</span> <span class='ocrx_word' id='word_1_271' title='bbox 621 3053 760 3127; x_wconf 87' lang='lat' dir='ltr'>pleraque</span> <span class='ocrx_word' id='word_1_272' title='bbox 784 3050 854 3107; x_wconf 87' lang='lat' dir='ltr'>dicit</span> <span class='ocrx_word' id='word_1_273' title='bbox 879 3049 994 3119; x_wconf 90' lang='lat' dir='ltr'>eadem,</span> <span class='ocrx_word' id='word_1_274' title='bbox 1017 3060 1140 3119; x_wconf 85' lang='lat' dir='ltr'>atomos,</span> 
     </span>
     <span class='ocr_line' id='line_1_30' title="bbox 86 3148 1140 3227; baseline -0.009 -17"><span class='ocrx_word' id='word_1_275' title='bbox 86 3153 184 3224; x_wconf 90' lang='lat' dir='ltr'>inane,</span> <span class='ocrx_word' id='word_1_276' title='bbox 194 3152 344 3227; x_wconf 88' lang='lat' dir='ltr'>imagines,</span> <span class='ocrx_word' id='word_1_277' title='bbox 356 3151 528 3208; x_wconf 87' lang='lat' dir='ltr'>infinitatem</span> <span class='ocrx_word' id='word_1_278' title='bbox 543 3151 674 3207; x_wconf 92' lang='lat' dir='ltr'>locorum</span> <span class='ocrx_word' id='word_1_279' title='bbox 690 3148 1041 3220; x_wconf 89' lang='lat' dir='ltr'>innumerabilitatemque</span> <span class='ocrx_word' id='word_1_280' title='bbox 1058 3164 1140 3202; x_wconf 91' lang='lat' dir='ltr'>mun·</span> 
     </span>
     <span class='ocr_line' id='line_1_31' title="bbox 48 3242 1141 3320; baseline -0.008 -13"><span class='ocrx_word' id='word_1_281' title='bbox 48 3275 75 3313; x_wconf 75' lang='lat' dir='ltr'>ao</span> <span class='ocrx_word' id='word_1_282' title='bbox 87 3249 203 3320; x_wconf 90' lang='lat' dir='ltr'>dorum,</span> <span class='ocrx_word' id='word_1_283' title='bbox 219 3267 320 3307; x_wconf 92' lang='lat' dir='ltr'>eorum</span> <span class='ocrx_word' id='word_1_284' title='bbox 341 3259 429 3319; x_wconf 91' lang='lat' dir='ltr'>ortus,</span> <span class='ocrx_word' id='word_1_285' title='bbox 445 3248 583 3317; x_wconf 88' lang='lat' dir='ltr'>interitus,</span> <span class='ocrx_word' id='word_1_286' title='bbox 599 3246 698 3303; x_wconf 88' lang='lat' dir='ltr'>omnia</span> <span class='ocrx_word' id='word_1_287' title='bbox 719 3247 786 3315; x_wconf 84' lang='lat' dir='ltr'>sere,</span> <span class='ocrx_word' id='word_1_288' title='bbox 802 3245 907 3318; x_wconf 88' lang='lat' dir='ltr'>quibus</span> <span class='ocrx_word' id='word_1_289' title='bbox 928 3253 1047 3300; x_wconf 87' lang='lat' dir='ltr'>naturae</span> <span class='ocrx_word' id='word_1_290' title='bbox 1069 3242 1141 3299; x_wconf 88' lang='lat' dir='ltr'>ratio</span> 
     </span>
     <span class='ocr_line' id='line_1_32' title="bbox 88 3341 1141 3419; baseline -0.009 -14"><span class='ocrx_word' id='word_1_291' title='bbox 88 3348 263 3405; x_wconf 89' lang='lat' dir='ltr'>continetur.</span> <span class='ocrx_word' id='word_1_292' title='bbox 307 3347 394 3404; x_wconf 89' lang='lat' dir='ltr'>Nune</span> <span class='ocrx_word' id='word_1_293' title='bbox 412 3346 486 3403; x_wconf 88' lang='lat' dir='ltr'>istuc</span> <span class='ocrx_word' id='word_1_294' title='bbox 509 3345 609 3419; x_wconf 88' lang='lat' dir='ltr'>‘qnasi</span> <span class='ocrx_word' id='word_1_295' title='bbox 631 3345 753 3418; x_wconf 87' lang='lat' dir='ltr'>corpus’</span> <span class='ocrx_word' id='word_1_296' title='bbox 778 3352 807 3399; x_wconf 90' lang='lat' dir='ltr'>et</span> <span class='ocrx_word' id='word_1_297' title='bbox 831 3342 930 3416; x_wconf 88' lang='lat' dir='ltr'>‘quasi</span> <span class='ocrx_word' id='word_1_298' title='bbox 952 3341 1141 3414; x_wconf 87' lang='lat' dir='ltr'>sanguinem&#39;</span> 
     </span>
     <span class='ocr_line' id='line_1_33' title="bbox 87 3440 1179 3520; baseline -0.01 -17"><span class='ocrx_word' id='word_1_299' title='bbox 87 3444 160 3520; x_wconf 93' lang='lat' dir='ltr'>quid</span> <span class='ocrx_word' id='word_1_300' title='bbox 181 3443 343 3518; x_wconf 84' lang='lat' dir='ltr'>intellegis?</span> <span class='ocrx_word' id='word_1_301' title='bbox 385 3445 449 3517; x_wconf 91' lang='lat' dir='ltr'>Ego</span> <span class='ocrx_word' id='word_1_302' title='bbox 464 3442 542 3499; x_wconf 91' lang='lat' dir='ltr'>enim</span> <span class='ocrx_word' id='word_1_303' title='bbox 562 3452 589 3499; x_wconf 93' lang='lat' dir='ltr'>te</span> <span class='ocrx_word' id='word_1_304' title='bbox 612 3442 683 3497; x_wconf 85' lang='lat' dir='ltr'>scire</span> <span class='ocrx_word' id='word_1_305' title='bbox 707 3442 760 3496; x_wconf 84' lang='lat' dir='ltr'>ista</span> <span class='ocrx_word' id='word_1_306' title='bbox 782 3440 882 3496; x_wconf 90' lang='lat' dir='ltr'>melius</span> <span class='ocrx_word' id='word_1_307' title='bbox 902 3458 990 3512; x_wconf 91' lang='lat' dir='ltr'>qnam</span> <span class='ocrx_word' id='word_1_308' title='bbox 1013 3456 1060 3494; x_wconf 92' lang='lat' dir='ltr'>me</span> <span class='ocrx_word' id='word_1_309' title='bbox 1082 3454 1142 3493; x_wconf 91' lang='lat' dir='ltr'>non</span> <span class='ocrx_word' id='word_1_310' title='bbox 1156 3450 1179 3491; x_wconf 73' lang='grc'>74</span> 
     </span>
     <span class='ocr_line' id='line_1_34' title="bbox 87 3533 1142 3612; baseline -0.009 -12"><span class='ocrx_word' id='word_1_311' title='bbox 87 3542 180 3600; x_wconf 86' lang='lat' dir='ltr'>fateor</span> <span class='ocrx_word' id='word_1_312' title='bbox 194 3541 298 3612; x_wconf 89' lang='lat' dir='ltr'>solum,</span> <span class='ocrx_word' id='word_1_313' title='bbox 314 3539 469 3598; x_wconf 88' lang='lat' dir='ltr'>sedetiam</span> <span class='ocrx_word' id='word_1_314' title='bbox 485 3540 568 3596; x_wconf 80' lang='lat' dir='ltr'>facile</span> <span class='ocrx_word' id='word_1_315' title='bbox 590 3539 702 3612; x_wconf 74' lang='lat' dir='ltr'>patior,</span> <span class='ocrx_word' id='word_1_316' title='bbox 726 3557 792 3594; x_wconf 89' lang='lat' dir='ltr'>curn</span> <span class='ocrx_word' id='word_1_317' title='bbox 816 3536 935 3610; x_wconf 91' lang='lat' dir='ltr'>quidem</span> <span class='ocrx_word' id='word_1_318' title='bbox 958 3536 1049 3592; x_wconf 91' lang='lat' dir='ltr'>semel</span> <span class='ocrx_word' id='word_1_319' title='bbox 1063 3533 1142 3590; x_wconf 90' lang='lat' dir='ltr'>dicta</span> 
     </span>
     <span class='ocr_line' id='line_1_35' title="bbox 87 3631 1142 3714; baseline -0.01 -17"><span class='ocrx_word' id='word_1_320' title='bbox 87 3647 163 3711; x_wconf 92' lang='lat' dir='ltr'>sunt,</span> <span class='ocrx_word' id='word_1_321' title='bbox 174 3637 246 3714; x_wconf 93' lang='lat' dir='ltr'>quid</span> <span class='ocrx_word' id='word_1_322' title='bbox 261 3646 313 3709; x_wconf 90' lang='lat' dir='ltr'>est,</span> <span class='ocrx_word' id='word_1_323' title='bbox 325 3636 407 3712; x_wconf 92' lang='lat' dir='ltr'>quod</span> <span class='ocrx_word' id='word_1_324' title='bbox 421 3637 547 3694; x_wconf 89' lang='lat' dir='ltr'>Velleius</span> <span class='ocrx_word' id='word_1_325' title='bbox 563 3635 728 3708; x_wconf 86' lang='lat' dir='ltr'>intellegere</span> <span class='ocrx_word' id='word_1_326' title='bbox 744 3634 843 3708; x_wconf 90' lang='lat' dir='ltr'>possit,</span> <span class='ocrx_word' id='word_1_327' title='bbox 856 3635 943 3691; x_wconf 88' lang='lat' dir='ltr'>Cotta</span> <span class='ocrx_word' id='word_1_328' title='bbox 956 3650 1015 3689; x_wconf 94' lang='lat' dir='ltr'>non</span> <span class='ocrx_word' id='word_1_329' title='bbox 1031 3631 1142 3705; x_wconf 90' lang='lat' dir='ltr'>possit?</span> 
     </span>
     <span class='ocr_line' id='line_1_36' title="bbox 51 3729 1149 3812; baseline -0.008 -19"><span class='ocrx_word' id='word_1_330' title='bbox 51 3753 76 3793; x_wconf 76' lang='lat' dir='ltr'>aa</span> <span class='ocrx_word' id='word_1_331' title='bbox 89 3737 194 3812; x_wconf 69' lang='lat' dir='ltr'>Itaque</span> <span class='ocrx_word' id='word_1_332' title='bbox 209 3753 315 3811; x_wconf 92' lang='lat' dir='ltr'>corpus</span> <span class='ocrx_word' id='word_1_333' title='bbox 331 3733 403 3810; x_wconf 91' lang='lat' dir='ltr'>quid</span> <span class='ocrx_word' id='word_1_334' title='bbox 420 3735 465 3804; x_wconf 91' lang='lat' dir='ltr'>sit,</span> <span class='ocrx_word' id='word_1_335' title='bbox 480 3733 595 3806; x_wconf 85' lang='lat' dir='ltr'>sanguis</span> <span class='ocrx_word' id='word_1_336' title='bbox 617 3730 689 3805; x_wconf 88' lang='lat' dir='ltr'>quid</span> <span class='ocrx_word' id='word_1_337' title='bbox 710 3732 755 3802; x_wconf 87' lang='lat' dir='ltr'>sit,</span> <span class='ocrx_word' id='word_1_338' title='bbox 771 3731 916 3804; x_wconf 89' lang='lat' dir='ltr'>intellego,</span> <span class='ocrx_word' id='word_1_339' title='bbox 932 3729 1013 3802; x_wconf 88' lang='lat' dir='ltr'>quasi</span> <span class='ocrx_word' id='word_1_340' title='bbox 1035 3744 1149 3800; x_wconf 90' lang='lat' dir='ltr'>corpus.</span> 
     </span>
    </p>
   </div>
   <div class='ocr_carea' id='block_1_3' title="bbox 0 0 1228 4102">
    <p class='ocr_par' dir='ltr' id='par_1_3' title="bbox 0 0 1228 4102">
     <span class='ocr_line' id='line_1_37' title="bbox 0 0 1228 4102; baseline 0 0"><span class='ocrx_word' id='word_1_341' title='bbox 0 0 1228 4102; x_wconf 95' lang='lat' dir='ltr'> </span> 
     </span>
    </p>
   </div>
  </div>
 </body>
</html>
