2446 4102
110 257 150 336 56
436 266 484 318 nn
505 269 650 319 NATURA
673 267 833 320 DEORUM.

107 424 138 483 id
159 423 241 482 vobis
253 444 261 496 3
282 442 355 482 num
377 423 464 482 etiam
486 442 544 481 una
567 432 610 481 est
634 425 766 482 omnium
788 423 898 483 facies?
918 442 987 484 nam
1008 425 1033 484 si
1053 425 1159 503 plures,

108 524 192 581 aliam
208 539 271 579 esse
287 522 342 579 alia
356 521 551 596 pulchriorem
566 539 687 579 necesse
702 530 754 580 est.
797 522 888 598 Igitur
902 522 1004 598 aliquis
1018 541 1080 581 non
1097 526 1158 600 pul·

108 621 266 678 cherrimus
291 619 373 676 deus.
416 619 444 676 Si
470 637 528 676 una
552 619 684 676 omnium
709 617 797 676 sacies
823 627 874 690 est,
900 619 1002 678 florere
1025 621 1055 678 in
1079 623 1160 680 caelo

108 719 298 777 Academiam
322 734 443 774 necesse
469 725 532 789 est,
557 717 579 774 si
605 717 683 774 enim
708 716 779 774 nihil
803 716 877 774 inter
901 716 991 775 deum
1017 726 1046 776 et
1072 718 1161 777 deum

70 824 93 863 8¹
109 817 211 888 differt,
226 816 305 873 nulla
319 824 362 873 est
380 813 458 888 apud
480 813 553 871 deos
575 815 713 889 cognitio,
729 815 807 872 nulla
827 815 987 890 perceptio.
1031 816 1122 890 Quid,
1138 817 1160 874 si
1179 830 1189 868 s

109 917 206 984 etiam,
225 913 328 982 Vellei,
348 913 451 969 falsum
472 910 542 968 illud
563 912 684 968 omnino
706 920 758 982 est,
780 912 888 968 nullam
908 912 994 970 aliam
1015 913 1102 971 nobis
1123 914 1160 972 de

109 1012 166 1070 deo
182 1011 375 1086 cogitantibus
390 1010 519 1084 speciem
535 1009 590 1066 nisi
605 1009 730 1066 hominis
752 1010 927 1067 occurrere?
947 1018 1087 1068 tamenne
1109 1011 1162 1069 ista

108 1120 168 1167 tam
183 1108 308 1167 absurda
323 1106 486 1165 defendes?
528 1107 622 1164 Nobis
638 1106 758 1164 sortasse
773 1107 815 1164 sic
830 1106 964 1179 occurrit,
979 1116 1011 1165 ut
1028 1108 1123 1182 dicis;
1145 1127 1162 1166 a

108 1208 201 1282 parvis
227 1206 304 1262 enim
330 1206 442 1276 Iovem,
471 1206 626 1276 lunonem,
653 1205 826 1275 Minervam,
850 1205 1033 1279 Neptunum,
1054 1206 1159 1264 Vulca-

109 1323 189 1374 num,
211 1302 376 1377 Apollinem
397 1302 582 1377 reliquosque
606 1301 679 1360 deos
701 1320 737 1359 ea
757 1302 832 1359 sacie
853 1302 997 1374 novimuS,
1020 1321 1080 1378 qua
1100 1304 1160 1379 pic·
1174 1322 1197 1349 10

109 1411 186 1459 tores
201 1402 374 1474 fictoresque
389 1401 549 1471 voluerunt,
561 1418 657 1475 neque
673 1400 766 1457 solum
781 1399 863 1471 sacie,
876 1398 930 1457 sed
944 1400 1034 1457 etiam
1048 1411 1161 1474 ornatu,

109 1508 213 1569 aetate,
228 1498 352 1569 vestitu,
374 1506 477 1554 atrion
497 1497 632 1572 Aegyptii
652 1515 708 1554 nee
729 1496 790 1572 Syri
810 1514 867 1553 nec
888 1496 947 1553 sere
968 1507 1079 1555 cuncta
1098 1498 1161 1557 bar·

110 1597 206 1668 baria,
229 1596 368 1652 firmiores
383 1595 461 1651 enim
475 1594 574 1651 videas
590 1593 670 1669 apud
685 1613 736 1652 eos
751 1595 905 1669 opiniones
920 1611 984 1652 esse
1004 1595 1043 1653 de
1062 1596 1162 1654 bestiis

110 1693 285 1769 quibusdam
300 1712 387 1767 quam
403 1690 482 1766 apud
499 1710 552 1749 nos
568 1692 605 1750 de
620 1692 807 1749 sanctissimis
829 1691 944 1765 templis
958 1700 988 1749 et
1003 1692 1162 1750 simulacris

73 1799 97 1840 ⁸2
110 1792 243 1849 deorum.
286 1791 403 1847 Etenim
419 1790 485 1846 sana
499 1788 589 1847 multa
610 1790 732 1863 spoliata
753 1798 782 1846 et
803 1789 956 1846 simulacra
977 1789 1103 1848 deorum
1124 1789 1162 1848 de
1176 1811 1198 1850 ιε

109 1890 181 1946 locis
206 1888 392 1946 sanctissimis
415 1888 510 1945 ablata
529 1886 661 1944 videmus
682 1905 699 1944 a
718 1887 842 1958 nostris;
874 1894 993 1943 atvero
1013 1905 1051 1944 ne
1074 1887 1163 1946 fando

111 1985 232 2061 quidem
253 1984 385 2042 auditum
408 1993 451 2042 est
477 1983 658 2041 crocodilum
678 1992 728 2040 aut
748 1985 808 2041 ibin
829 1992 878 2040 aut
898 1983 1003 2041 faelem
1024 1985 1164 2044 violatum

111 2084 148 2142 ab
160 2083 312 2158 Aegyptio.
349 2081 429 2154 Quid
441 2082 525 2156 igitur
538 2083 662 2139 censes?
702 2082 789 2156 Apim
804 2081 893 2153 illum,
905 2090 1039 2140 sanctum
1048 2084 1164 2159 Aegyp·

111 2183 217 2239 tiorum
246 2181 360 2250 bovem,
389 2198 488 2236 nonne
517 2178 606 2237 deum
634 2179 725 2237 videri
752 2179 924 2254 Aegyptiis?
963 2181 1039 2237 Tam
1066 2179 1165 2240 hercle

112 2300 199 2357 quam
225 2283 276 2339 tibi
301 2281 379 2337 illam
403 2291 527 2338 vestram
552 2282 707 2355 Sospitam,
729 2300 818 2356 quarn
843 2291 874 2338 tu
894 2300 1056 2357 numquam
1076 2301 1115 2342 ne
1136 2283 1166 2341 in
1178 2303 1201 2331 ω

111 2383 220 2439 somnis
241 2379 361 2454 quidem
381 2379 462 2436 vides
486 2380 541 2436 nisi
564 2398 631 2437 curn
655 2380 730 2454 pelle
751 2380 878 2455 caprina,
900 2400 968 2437 cum
989 2380 1081 2453 hasta,
1098 2400 1166 2440 cum

112 2480 235 2549 scutul0,
261 2496 329 2534 cum
354 2478 488 2534 calceolis
513 2476 658 2551 repandis,
701 2479 739 2534 At
763 2496 823 2534 non
847 2487 890 2535 est
912 2478 975 2535 talis
998 2479 1088 2554 Argia
1109 2498 1166 2539 nec

112 2579 248 2634 Romana
270 2578 354 2633 Iun0.
398 2576 476 2649 Ergo
498 2574 552 2631 alia
573 2576 686 2649 species
710 2576 831 2633 Iunonis
853 2576 972 2650 Argivis,
992 2577 1048 2634 alia
1070 2579 1166 2637 Lanu·

112 2675 194 2744 vinis,
217 2675 278 2730 alia
304 2673 393 2729 hobia
437 2673 474 2729 Et
497 2672 618 2746 quidem
642 2674 697 2732 alia
722 2675 806 2733 nobis
832 2675 998 2751 Capitolini,
1014 2676 1070 2734 alia
1091 2677 1166 2735 Afris

69 2749 293 2855 &Hammonis
309 2770 395 2826 Iovis.
438 2770 507 2827 Non
522 2770 614 2844 pudet
631 2772 716 2847 igitur
736 2773 899 2848 physicum,
914 2773 945 2831 id
967 2783 1011 2831 est
1033 2774 1166 2848 specula·
1179 2793 1201 2832 τε

112 2878 205 2926 torem
227 2876 454 2940 venatoremque
477 2876 605 2939 naturae,
629 2871 666 2927 ab
690 2871 794 2929 animis
819 2870 1033 2929 consuetudine
1058 2872 1166 2931 inbutis

112 2976 210 3041 petere
234 2965 430 3022 testimonium
453 2965 600 3023 veritatis?
642 2969 703 3025 Isto
730 2969 808 3025 enim
833 2968 924 3026 modo
947 2968 1045 3025 dicere
1067 2968 1166 3027 licebit

113 3065 215 3120 Iovem
236 3080 353 3136 semper
373 3062 534 3134 barbatum,
550 3065 715 3139 Apollinem
737 3084 854 3140 semper
875 3065 1035 3137 inberbem,
1052 3067 1166 3126 caesios

112 3162 213 3218 oculos
239 3161 398 3232 Minervae,
421 3163 570 3220 caeruleos
596 3181 659 3220 esse
686 3163 827 3236 Neptuni.
871 3165 909 3221 Et
923 3162 1044 3237 quidem
1065 3163 1165 3222 lauda·

112 3278 176 3316 mus
199 3258 320 3315 Athenis
342 3259 507 3317 Volcanum
533 3278 609 3330 eum,
636 3278 725 3334 quem
750 3260 818 3317 lecit
842 3261 1025 3331 Alcamenes,
1050 3261 1080 3318 in
1106 3279 1203 3336 quoa>

112 3364 205 3414 stante
230 3367 317 3430 atque
341 3358 446 3415 vestito
468 3357 569 3414 leviter
591 3366 711 3432 apparet
735 3356 909 3415 claudicatio
934 3376 994 3415 non
1016 3357 1165 3417 deformis

113 3453 259 3512 Claudum
288 3454 372 3529 igitur
400 3455 573 3513 habebimus
603 3454 701 3525 deum,
731 3455 870 3529 quoniam
899 3454 936 3513 de
960 3455 1095 3513 Volcano
1124 3456 1166 3514 sic

113 3552 290 3625 accepimus
333 3554 395 3626 Age
415 3552 503 3609 ethis
525 3551 672 3609 vocabulis
694 3570 757 3609 esse
779 3551 851 3609 deos
874 3551 1005 3622 facimus,
1021 3553 1127 3625 quibus
1149 3571 1167 3611 a

75 3650 197 3708 stnobis
226 3649 433 3706 nominantur?
473 3651 511 3706 At
539 3650 672 3723 primum,
699 3660 770 3723 quot
795 3649 947 3706 hominum
972 3649 1097 3723 linguae,
1123 3658 1167 3708 tot

113 3747 235 3805 nomina
248 3745 380 3804 deorum.
424 3746 493 3804 Non
508 3745 595 3817 enim,
611 3754 643 3802 ut
663 3754 693 3801 tu
715 3745 850 3816 VelleiuS,
866 3763 1055 3820 quocumque
1076 3764 1165 3805 vene·
1179 3769 1202 3810 as
