2446 4102
63 276 123 325 122
386 269 435 323 DE
456 272 602 324 NATURA
624 268 784 324 DEORUM.

59 430 181 489 salutem
202 428 335 487 omnium
358 429 669 503 conservationemque
691 428 897 487 admirabiliter
911 428 1111 489 administrari.

15 543 52 584 raa
101 528 160 585 Hic
176 538 295 601 quaeret
310 527 463 601 quispiam,
482 528 634 584 cuiusnam
655 544 744 583 causa
765 535 909 584 tantarum
933 545 1028 584 rerum
1051 546 1111 585 mo·

59 626 120 682 litio
141 625 217 681 faeta
238 624 274 681 sit
285 645 293 695 ;
315 623 489 681 arborumne
511 633 540 680 et
563 623 739 681 herbarum?
759 640 834 697 quae
849 642 1030 698 quamquam
1052 625 1111 681 sine

59 740 144 779 sensu
167 731 243 791 sunt,
259 730 357 777 tamen
372 739 390 777 a
404 729 506 777 natura
528 721 713 778 sustinentur.
755 722 794 778 At
817 720 848 778 id
871 720 993 795 quidem
1016 721 1111 779 absur-

60 819 130 875 dum
146 828 197 875 est.
240 820 286 875 An
300 818 479 874 bestiarum?
520 817 620 875 Nihilo
633 817 810 892 probabilius
825 816 898 875 deos
919 827 1064 875 mutarum
1086 828 1114 875 et
1131 845 1141 883 ς

58 914 129 971 nihil
157 914 386 989 intellegentium
416 932 505 971 causa
528 922 643 972 tantum
670 914 824 972 laborasse.
868 913 1003 988 Quorum
1031 915 1114 990 igitur

59 1030 147 1069 causa
174 1012 239 1085 quis
267 1010 370 1068 dixerit
399 1010 536 1069 effectum
565 1029 629 1069 esse
658 1010 823 1069 mundum?
865 1013 977 1069 Eorum
1004 1012 1115 1070 scilicet

59 1110 257 1179 animantium,
281 1126 356 1183 quae
381 1109 492 1165 ratione
518 1117 645 1166 utuntur.
689 1109 732 1166 Hi
759 1119 827 1167 sunt
854 1107 885 1167 di
913 1118 944 1167 et
972 1109 1113 1181 homines,

57 1207 164 1282 quibus
180 1207 311 1281 profecto
326 1206 397 1263 nihil
418 1215 462 1262 est
480 1205 602 1276 melius;
624 1206 697 1263 ratio
719 1215 763 1263 est
786 1206 874 1278 enim,
889 1223 966 1280 quae
988 1215 1115 1283 praestet

59 1305 204 1361 omnibus.
247 1305 293 1361 Ita
313 1303 345 1360 fit
366 1302 504 1361 credibile
520 1302 643 1360 deorum
667 1313 696 1360 et
718 1303 870 1361 hominum
884 1322 984 1361 causa
1006 1304 1115 1362 facturn
1128 1335 1150 1362 ιο

15 1411 52 1467 54
60 1419 122 1459 esse
138 1401 280 1459 mundum
296 1419 430 1476 quaeque
445 1401 474 1458 in
489 1419 526 1459 eo
545 1398 690 1478 [mundo]
708 1401 765 1458 sint
779 1401 886 1460 omnia.
929 1402 1114 1477 Faciliusque

59 1500 240 1574 intellegetur
254 1518 272 1555 a
286 1499 331 1556 dis
348 1499 547 1556 inmortalibus
569 1498 735 1556 hominibus
757 1517 820 1556 esse
843 1499 1002 1574 provisum,
1017 1501 1042 1558 si
1064 1500 1116 1558 erit

59 1607 120 1654 tota
145 1597 270 1653 hominis
295 1596 443 1654 fabricatio
467 1606 623 1671 perspecta
646 1597 800 1671 omnisque
823 1596 970 1654 humanae
996 1609 1115 1655 naturae

15 1694 150 1768 1alfignra
164 1703 251 1768 atque
267 1693 416 1767 perfectio
460 1694 538 1750 Nam
553 1712 622 1751 cum
636 1695 726 1752 tribus
744 1693 830 1751 rebus
852 1695 1045 1753 animantium
1059 1696 1116 1753 vita

60 1800 199 1861 teneatur,
215 1791 292 1861 cibo,
307 1792 437 1864 potione,
457 1791 567 1865 spiritu,
589 1789 628 1848 ad
649 1791 722 1849 haec
744 1793 844 1848 omnia
866 1792 1060 1867 percipienda
1081 1810 1114 1851 os
1128 1819 1149 1858 ις

60 1899 103 1946 est
117 1888 307 1969 aptissimum,
323 1887 404 1961 quod
418 1887 563 1945 adiunctis
584 1889 700 1945 naribus
722 1889 823 1962 spiritu
838 1899 967 1963 augetur.
1012 1891 1114 1948 Denti-

60 1985 113 2043 bus
128 1996 225 2041 autein
240 1985 269 2040 in
284 2003 334 2041 ore
350 1986 522 2042 constructis
537 1985 684 2042 manditur
698 1995 786 2060 atque
805 1984 859 2062 [ab
874 1985 923 2065 iis]
943 1996 1116 2045 extenuatur

60 2093 88 2141 et
110 2083 224 2140 molitur
245 2082 336 2140 cibus
380 2083 492 2139 Eorum
512 2082 625 2140 adversi
648 2084 725 2140 acuti
749 2102 848 2141 morsu
866 2083 1000 2142 dividunt
1024 2104 1114 2156 escas,

59 2181 152 2238 intimi
175 2191 272 2237 autem
295 2180 463 2251 conficiunt,
487 2181 537 2254 qui
558 2180 677 2255 genuini
695 2191 844 2252 vocantur,
867 2200 943 2256 quae
967 2183 1115 2240 confectio

16 2280 147 2335 raetiam
171 2297 188 2335 a
210 2279 307 2353 lingua
330 2277 458 2335 adiuvari
480 2277 602 2335 videtur.
646 2279 788 2353 Linguam
814 2290 911 2337 autem
937 2281 977 2338 ad
1001 2281 1114 2339 radices
1128 2306 1151 2332 ω

60 2377 121 2433 eius
136 2377 258 2434 haerens
273 2377 380 2450 excipit
395 2375 571 2446 stomachus,
587 2394 645 2450 quo
660 2377 785 2450 primum
801 2377 966 2436 inlabuntur
980 2398 1024 2450 ea,
1040 2397 1116 2453 quae

61 2485 184 2548 accepta
198 2485 264 2532 sunt
278 2493 338 2531 ore.
381 2475 410 2530 ls
430 2484 551 2546 utraque
567 2492 603 2529 ex
618 2484 698 2547 parte
720 2475 827 2532 tosillas
849 2476 994 2551 attingens
1017 2478 1116 2552 palato

61 2580 190 2629 extremo
205 2581 292 2645 atque
307 2572 408 2628 intimo
430 2571 607 2628 terminatur.
650 2573 745 2645 Atque
768 2572 791 2629 is
813 2573 970 2647 agitatione
986 2585 1016 2632 et
1030 2576 1116 2632 moti·

60 2669 114 2726 bus
135 2670 249 2743 linguae
271 2688 338 2725 cum
362 2668 516 2742 depulsum
539 2678 568 2726 et
587 2668 669 2744 quasi
691 2668 840 2727 detrusum
865 2670 964 2728 cibum
990 2674 1115 2748 accepit,

61 2765 188 2841 depellit.
232 2766 325 2839 Ipsius
348 2776 446 2822 autem
468 2776 564 2840 pmtes
590 2785 652 2838 eae,
674 2784 749 2840 quae
774 2777 840 2825 sunt
865 2768 936 2826 infra
961 2788 1050 2844 quarn
1074 2770 1114 2843 id,
1128 2797 1151 2835 25

61 2863 142 2938 quod
167 2863 329 2932 devoratur,
354 2862 517 2934 dilatantur,
543 2883 619 2938 qnae
648 2874 747 2922 autem
774 2883 869 2939 supra,
895 2868 1114 2926 contrahuntur.

18 2973 54 3013 136
62 2960 119 3018 Sed
133 2979 202 3018 cnm
216 2977 319 3034 aspera
332 2961 435 3016 arteria
454 2960 510 3037 (sic
527 2963 605 3019 enim
626 2980 644 3019 a
664 2962 787 3020 medicis
810 2962 988 3040 appellatur)
1007 2967 1115 3024 ostium

61 3057 166 3114 habeat
193 3057 365 3115 adiunctum
393 3059 506 3133 linguae
535 3060 681 3118 radicibus
710 3062 797 3136 paulo
826 3080 921 3136 supra,
951 3079 1040 3138 quarn
1076 3064 1114 3123 ad

61 3154 187 3227 linguam
203 3156 369 3213 stomachus
384 3156 556 3225 adnectitur,
573 3176 666 3231 eaque
681 3157 720 3216 ad
741 3161 895 3234 pulmones
912 3179 1004 3235 usque
1027 3163 1112 3236 perti-

60 3261 129 3308 neat
144 3251 327 3325 excipiatque
349 3255 485 3324 animam,
502 3273 566 3310 eam
582 3274 657 3329 quae
673 3256 762 3313 ducta
783 3268 827 3315 est
847 3258 957 3332 spiritu,
973 3259 1112 3317 eandem·
1126 3279 1150 3317 30

61 3366 118 3423 que
147 3366 164 3403 a
191 3348 377 3422 pulmonibus
405 3352 526 3425 respiret
554 3362 583 3408 et
611 3353 724 3425 reddat,
748 3356 853 3429 tegitur
877 3355 1006 3429 quodam
1032 3357 1114 3431 quasi

62 3444 209 3520 operculo,
226 3445 306 3519 quod
322 3447 360 3503 ob
376 3465 441 3504 cam
463 3467 580 3505 causam
603 3450 703 3508 datum
726 3463 777 3522 est,
793 3472 840 3523 ne,
856 3453 880 3510 si
903 3453 974 3527 quid
998 3454 1026 3510 in
1050 3472 1115 3512 eam

62 3545 119 3602 cibi
134 3545 206 3601 forte
222 3543 379 3614 incidisset,
395 3546 509 3618 spiritus
525 3546 721 3618 impediretur.
765 3550 823 3607 Sed
844 3569 913 3607 cum
936 3551 989 3607 alvi
1013 3563 1116 3610 natura

61 3642 192 3700 subiecta
206 3641 358 3699 stomacho
380 3642 437 3698 cibi
459 3651 487 3697 et
510 3643 636 3715 potionis
659 3644 695 3700 sit
717 3649 944 3720 receptaculum,
960 3649 1115 3722 pulmones

60 3749 159 3798 autem
181 3749 211 3798 et
230 3757 281 3797 cor
305 3737 482 3795 extrinsecus
505 3737 635 3813 spiritum
659 3738 823 3811 ducantur
845 3744 909 3801 alvo
934 3746 1025 3802 multa
1048 3757 1115 3805 sunt
1128 3768 1151 3809 as
