2446 4102
104 291 162 336 112
428 289 476 337 DE
498 289 642 339 NATURA
662 288 822 340 DEORUM.

56 452 93 495 1⁰7
101 445 172 502 Eius
187 462 255 501 curn
270 443 357 502 totius
372 453 417 501 est
429 443 578 519 praeclara
592 443 718 519 species,
734 451 796 501 tum
813 444 843 502 in
861 443 961 520 pn‘rnis
984 445 1155 520 aspicienda

101 552 144 600 est
158 542 250 618 figura
264 542 366 616 capitis
381 551 468 616 atque
483 541 570 600 ardor
583 541 752 600 oculorum:

182 675 278 732 Huic
311 691 383 730 non
416 691 485 729 nna
516 671 624 731 modo
659 682 768 747 caput
797 691 931 731 ornans
960 673 1072 732 stella
1098 691 1153 733 re-

902 770 1020 843 lueet,

181 872 311 928 Verum
332 880 496 944 tempora
517 877 600 926 sunt
622 866 764 942 duplici
786 868 930 944 fulgore
952 878 1095 941 notata,
1174 896 1185 936 ς

182 970 208 1026 Ε
233 969 470 1042 trucibusque
500 965 618 1023 oculis
647 964 717 1023 duo
746 965 891 1023 fervida
918 966 1057 1024 lumina
1084 967 1154 1026 sla·

904 1073 1023 1139 grant,

180 1165 298 1237 Atque
320 1181 389 1220 uno
412 1171 569 1220 mentum
591 1160 751 1219 radianti
772 1160 893 1218 sidere
915 1162 1035 1235 lucet;

180 1262 375 1334 Obstipum
396 1271 506 1335 capnt
526 1269 560 1317 at
581 1260 692 1317 tereti
715 1260 859 1316 cervice
880 1259 1063 1318 reflexum

181 1359 356 1417 Obtutum
378 1358 412 1414 in
434 1357 551 1415 cauda
573 1357 721 1415 maioris
744 1357 862 1431 figere
884 1356 1003 1416 dicas
1169 1390 1192 1417 ιο

56 1499 93 1538 108
103 1491 140 1546 Et
153 1490 296 1563 reliquum
311 1489 431 1562 quidem
446 1507 552 1564 corpus
568 1490 712 1567 Draconis
727 1490 795 1546 totis
809 1489 945 1547 noctibus
960 1491 1127 1550 cernimus:

182 1621 263 1677 Hoc
299 1629 409 1694 capnt
443 1619 501 1677 hic
535 1621 681 1696 paulum
716 1639 804 1680 sese
837 1620 961 1679 subito
993 1641 1154 1698 aequore

904 1719 1050 1791 condst‚

182 1815 290 1873 Ortus
319 1814 380 1872 ubi
408 1824 516 1890 atque
546 1815 668 1874 obitus
699 1825 834 1891 partem
863 1816 1092 1876 admiscetur
1120 1819 1156 1876 in

902 1932 1018 1972 unam.
1171 1931 1193 1969 ις

102 1991 139 2050 Id
153 2001 251 2050 autem
267 2001 355 2066 eaput

182 2123 377 2197 Attingens
399 2123 549 2181 defessa
568 2124 668 2182 velut
690 2125 888 2185 maerentis
909 2122 1030 2203 imago

181 2221 359 2291 Verffitun

102 2370 190 2427 quam
205 2352 326 2426 quidem
342 2353 448 2410 Graeci

184 2483 395 2558 Engonasin
416 2482 596 2555 vocitant,
611 2485 767 2558 genibus
789 2486 872 2561 quia
892 2487 978 2545 nixa
999 2488 1192 2549 seratum

183 2582 255 2639 Hic
277 2582 339 2638 illa
360 2582 492 2638 eximio
513 2582 635 2655 posita
656 2593 710 2640 est
731 2583 873 2658 fulgore
895 2584 1058 2645 Corona.

102 2715 198 2787 Atque
213 2713 286 2770 haec
302 2712 421 2788 quidem
436 2730 454 2768 a
467 2722 557 2786 tergm,
574 2723 693 2787 propter
707 2724 796 2787 caput
810 2724 909 2772 autem
924 2718 1136 2792 Anguitenens

59 2870 96 2910 109
184 2844 305 2916 Quem
331 2843 440 2899 claro
465 2842 683 2917 perhibent
711 2844 965 2918 Ophiuchum
994 2849 1155 2907 nomine

903 2944 1020 3003 Graii.

184 3037 260 3094 Hic
294 3054 435 3111 pressu
472 3038 615 3113 duplici
649 3039 848 3113 palmarum
880 3042 1050 3100 continet
1081 3045 1191 3116 An·25

904 3156 1024 3212 guem,

182 3233 299 3306 Atque
322 3232 398 3289 eius
420 3233 499 3307 ipse
521 3241 641 3289 manet
660 3233 837 3308 religatus
859 3251 1014 3309 corpore
1036 3246 1154 3311 tort03

183 3329 346 3404 Namque
381 3330 495 3387 virum
530 3329 687 3387 medium
722 3349 873 3405 serpens
904 3333 969 3391 sub
1001 3344 1157 3408 pectora

904 3430 1036 3506 cingit.

184 3524 252 3583 Ille
274 3533 394 3581 tamen
415 3524 537 3582 nitens
559 3524 720 3598 graviter
739 3526 897 3600 vestigia
917 3528 1024 3601 ponit
1168 3568 1193 3609 ³⁰

182 3624 299 3696 Atque
321 3621 450 3679 oculos
471 3631 601 3695 urguet
621 3620 778 3696 pedibus
800 3632 1005 3699 pectusque
1026 3626 1156 3704 Nepai.

103 3752 320 3827 Septentriones
335 3762 434 3809 autem
448 3751 577 3826 sequitur
