2446 4102
56 226 114 305 148
381 238 429 288 na
450 238 596 289 unauna
618 236 778 289 nuonuru.

50 414 135 454 scura
153 393 367 470 adsequamur,
391 402 421 452 at
440 393 597 452 obscurum
618 393 677 452 deo
697 392 770 452 nihil
790 401 888 469 potest
909 412 984 455 esse.
1027 397 1102 456 Nam

50 494 165 565 iustitia,
189 511 264 567 quae
287 511 372 550 suum
395 492 500 568 cuique
524 491 679 564 distribuit,
701 490 774 566 quid
797 492 926 566 pertinet
949 493 988 552 ad
1013 493 1102 553 deos?

50 592 202 650 hominum
224 590 303 649 enim
324 590 448 649 societas
465 599 496 648 et
512 590 717 661 communitas,
733 597 764 647 ut
777 606 830 647 vos
846 589 952 662 dicitis,
968 591 1101 650 iustitiam

49 690 220 765 procreavit.
269 688 478 764 Temperantia
504 697 602 745 autem
631 696 746 745 constat
774 705 811 745 ex
837 690 1101 763 praetermittendis

49 787 244 862 voluptatibus
266 787 405 861 corporis
421 787 468 843 cui
488 786 512 843 si
531 786 613 843 locus
628 786 658 843 in
674 786 755 843 caelo
771 794 823 856 est,
840 795 884 843 est
899 786 989 844 etiam
1003 787 1099 863 volup·
1118 811 1128 849 r

49 884 163 942 tatibus,
207 884 284 941 Nam
299 883 379 941 fortis
395 882 467 942 deus
486 882 614 959 intellegi
628 882 678 959 qui
692 884 811 958 potest?
831 883 862 941 in
877 883 1002 942 dolore?
1022 903 1060 942 an
1072 885 1102 943 in

49 981 169 1040 labore?
196 1000 234 1038 an
262 981 292 1038 in
319 981 473 1056 periculo?
502 1000 627 1056 quorum
655 981 744 1039 deum
772 980 843 1037 nihil
871 982 995 1057 attingit.
1038 983 1101 1040 Nec

48 1079 159 1137 ratione
182 1079 266 1153 igitur
286 1089 418 1136 utentem
439 1097 497 1136 nec
510 1079 613 1136 virtute
634 1079 691 1137 ulla
704 1077 870 1152 praeditum
887 1078 979 1137 deum
994 1080 1100 1137 intelle-

48 1195 115 1252 gere
138 1177 187 1252 qui
208 1177 384 1251 possumus?
426 1177 491 1233 Nec
506 1194 575 1233 vero
590 1176 667 1252 volgi
685 1186 772 1250 atque
793 1175 996 1250 imperitorum
1018 1178 1100 1235 insci·

48 1274 119 1332 tiam
144 1274 296 1349 despicere
320 1293 450 1349 possum,
477 1293 546 1331 cum
571 1292 607 1331 ea
631 1272 796 1344 consider0,
821 1291 898 1348 quae
924 1273 1062 1333 dicuntur
1084 1294 1134 1333 axo

49 1372 152 1430 Stoicis
163 1392 171 1444 ;
197 1383 264 1428 sunt
286 1372 364 1429 enim
385 1372 432 1429 illa
457 1370 674 1446 imperitorum:
702 1372 815 1446 piscem
838 1371 900 1446 Syri
921 1384 1101 1445 venerantur,

48 1488 137 1528 omne
158 1469 217 1527 fere
239 1488 331 1544 genus
350 1469 507 1527 bestiarum
521 1468 657 1543 Aegyptii
677 1478 921 1527 consecraverunt
931 1491 940 1542 3
963 1471 1022 1527 iam
1036 1489 1102 1529 vero

48 1567 79 1625 in
94 1566 218 1626 Graecia
239 1568 347 1623 multos
369 1566 479 1624 habent
500 1585 536 1624 ex
555 1565 723 1623 hominibus
740 1565 822 1637 deos
838 1566 1025 1625 Alabandum
1039 1569 1102 1625 Ala-

48 1664 162 1736 bandis,
182 1664 308 1722 Tenedii
331 1665 465 1736 Tennen,
490 1663 700 1734 Leucotheam,
724 1681 799 1738 quae
827 1663 881 1721 suit
903 1665 970 1735 Ino,
993 1675 1023 1721 et
1044 1667 1103 1724 eius

51 1761 258 1820 Palaemonem
282 1761 373 1818 filium
399 1770 506 1818 cuncta
531 1761 665 1831 Graecia,
690 1761 859 1831 Herculem,
885 1763 1102 1837 Aesculapium,
1116 1788 1136 1824 ιε

48 1858 230 1935 Tyndaridas
241 1881 250 1932 3
279 1860 439 1916 Romulum
464 1858 555 1915 nostri
580 1858 709 1933 aliosque
734 1858 900 1932 compluris,
925 1876 1001 1933 quos
1023 1858 1103 1934 quasi

14 1936 141 2014 ¹ssnovos
163 1966 192 2013 et
213 1954 414 2030 adscripticios
434 1956 512 2013 cives
532 1956 562 2013 in
582 1956 697 2012 caelum
711 1966 846 2029 receptos
860 1966 974 2030 putant.
1019 1958 1103 2014 Haec

48 2053 133 2128 igitur
146 2052 277 2124 indocti,
300 2052 370 2127 quid
385 2072 437 2110 vos
452 2052 640 2128 philosophi?
661 2052 711 2126 qui
726 2053 866 2110 meliora?
908 2053 1023 2112 Omitto
1038 2055 1102 2126 illa3

49 2162 114 2209 sunt
134 2152 212 2208 enim
227 2150 392 2225 praeclara:
415 2151 452 2208 sit
469 2169 539 2208 sane
559 2149 632 2207 deus
653 2149 716 2225 ipse
739 2149 875 2207 mundus
919 2151 992 2208 Hoc
1013 2151 1103 2209 credo

49 2247 119 2307 illud
134 2267 196 2306 CSSC
1116 2281 1140 2306 ao

87 2381 242 2437 sublime
263 2379 442 2450 candens,
464 2397 568 2453 quem
588 2381 763 2436 lnvocant
782 2381 907 2437 omnes
928 2380 1068 2439 Iovem.

50 2540 147 2614 Quare
169 2541 253 2615 igitur
274 2541 361 2615 pluris
383 2539 568 2614 adiungimus
583 2540 677 2598 deos?
698 2550 806 2615 quanta
821 2550 918 2598 autem
937 2551 981 2598 est
999 2559 1101 2600 eorum

49 2637 223 2694 multitudo!
266 2638 340 2694 Mihi
356 2638 477 2711 quidem
498 2656 566 2695 sane
587 2638 668 2694 multi
683 2636 825 2695 videntur.
869 2638 1000 2712 Singulas
1023 2639 1102 2697 enirn

49 2736 144 2792 stellas
165 2753 299 2792 numeras
322 2734 394 2792 deos
417 2754 526 2809 eosque
549 2745 598 2792 aut
617 2735 768 2792 beluarum
782 2735 901 2792 nomine
916 2737 1056 2810 appellas,
1071 2748 1103 2794 ut

50 2832 185 2906 Capram,
201 2841 233 2888 ut
254 2832 380 2906 Nepam,
399 2842 429 2888 ut
451 2834 589 2903 Taurum,
608 2842 639 2888 ut
662 2833 801 2903 Leonem,
823 2843 871 2890 aut
893 2851 988 2889 rerum
1010 2834 1101 2891 inani·
1116 2866 1139 2901 25

14 2945 35 2988 ιι
49 2948 170 3000 marum,
187 2939 217 2985 ut
236 2931 323 3002 Arg0,
343 2939 374 2986 ut
394 2932 490 3000 Aram,
513 2939 543 2987 ut
565 2930 722 2988 Coronam.
765 2930 823 2988 Sed
844 2940 876 2987 ut
896 2929 971 2987 haec
994 2949 1100 2988 conce-

50 3025 162 3096 dantur,
185 3027 295 3100 reliqua
320 3027 369 3100 qui
395 3027 515 3084 tandem
539 3047 599 3085 non
624 3028 715 3086 modo
739 3028 873 3099 concedi,
898 3027 950 3085 sed
979 3030 1101 3086 omnino

49 3123 176 3197 intellegi
195 3126 336 3197 possunt?
378 3125 455 3183 Cum
473 3126 568 3200 fruges
584 3126 732 3196 Cererem,
747 3127 845 3183 vinum
869 3126 1006 3183 Liberum
1029 3126 1100 3183 (lici-

50 3239 122 3291 muS,
138 3239 243 3294 genere
265 3241 318 3279 nos
338 3222 458 3296 quidem
481 3225 621 3281 sermonis
643 3225 750 3281 utimur
771 3224 884 3294 usitat0,
901 3222 953 3280 sed
975 3242 1100 3298 ecquem

49 3325 109 3374 tam
130 3329 278 3374 amentem
300 3337 363 3375 esse
385 3330 478 3394 putas,
495 3320 543 3394 qui
564 3320 644 3391 illud,
660 3340 719 3395 quo
734 3330 875 3390 vescatur,
892 3319 981 3377 deum
1002 3320 1101 3378 credat
1115 3351 1140 3386 30

50 3416 135 3472 esse?
175 3416 253 3473 Nam
275 3435 349 3490 quos
371 3417 407 3474 ab
429 3416 596 3474 hominibus
622 3418 787 3491 pervenisse
810 3416 882 3474 dicis
905 3416 943 3473 ad
965 3416 1047 3488 deos,
1069 3428 1099 3475 tu

49 3512 155 3570 reddes
170 3513 320 3584 rationem,
336 3532 424 3588 quem
443 3513 618 3571 admodum
633 3513 664 3570 id
686 3514 746 3570 fieri
761 3515 887 3587 potuerit
902 3524 952 3571 aut
967 3533 1019 3571 cur
1039 3515 1100 3571 fieri

50 3609 176 3682 desierit,
192 3622 221 3668 et
235 3629 290 3685 ego
306 3610 418 3667 discam
433 3610 563 3669 libenter.
606 3611 675 3684 Quo
695 3611 786 3669 modo
806 3629 884 3668 nunc
905 3611 1026 3685 quidem
1047 3621 1100 3682 est,

50 3726 111 3767 non
131 3708 227 3782 vide0,
244 3717 413 3785 quopacto
434 3707 490 3781 ille,
509 3708 557 3764 cui
583 3709 634 3766 ‘in
660 3717 780 3766 monte
807 3708 949 3766 Oetaeo
974 3708 1100 3767 illatae
