2446 4102
131 252 192 302 120
456 249 506 302 DE
526 251 672 302 NATURA
693 248 853 302 DEORUM.

127 406 192 464 Iam
205 406 253 463 illa
267 406 422 478 cernimus,
438 415 470 464 ut
484 416 587 464 contra
599 406 658 464 vim
673 416 703 464 et
719 415 830 464 metum
850 406 909 465 suis
930 424 962 465 se
983 407 1070 467 armis
1090 426 1176 484 quae-

126 520 182 579 que
208 502 377 575 defendant,
403 503 539 561 cornibus
563 504 645 575 tauri,
671 503 732 578 apri
761 503 907 575 dentibus,
932 522 1032 562 morsu
1059 506 1176 579 leones3

125 602 198 659 aliae
221 602 289 676 fuga
310 619 351 672 se,
377 600 450 657 aliae
474 601 671 658 occultatione
696 609 834 673 tutantur,
859 603 1012 660 atramenti
1036 602 1176 662 effusione

126 700 233 774 sepiae,
248 709 365 773 torpore
381 697 558 773 torpedines,
574 697 681 756 multae
696 698 785 756 etiam
799 699 968 757 insectantis
983 699 1083 758 odoris
1104 701 1176 759 into·

125 797 233 855 lerabili
247 795 386 854 foeditate
402 795 562 870 depellunt.
1195 821 1205 860 ς

81 891 118 948 51
164 895 206 954 Ut
219 911 287 951 vero
303 902 460 968 perpetuus
475 892 577 950 mundi
598 902 674 952 esset
688 903 816 964 omatus‚
831 911 937 969 magna
959 893 1090 953 adhibita
1110 914 1178 954 cura

125 1001 168 1050 est
182 1010 200 1048 a
214 990 397 1066 providentia
411 989 543 1061 deorum,
558 1000 589 1048 ut
604 1009 720 1066 semper
734 1000 830 1049 essent
845 1001 874 1049 et
892 991 1051 1050 bestiarum
1071 1011 1178 1068 genera

124 1100 154 1148 et
168 1090 302 1148 arborum
324 1089 515 1162 omniumque
536 1106 641 1160 rerum,
658 1107 732 1164 quae
755 1107 773 1146 a
793 1098 868 1147 terra
888 1088 1024 1164 stirpibus
1046 1091 1177 1149 contine·

124 1199 230 1247 rentur.
273 1188 357 1262 Quae
373 1187 493 1262 quidem
508 1188 609 1245 omnia
622 1205 688 1245 eam
702 1188 761 1245 vim
776 1187 893 1246 seminis
908 1186 1020 1247 habent
1040 1189 1071 1247 in
1092 1208 1133 1261 se,
1148 1199 1179 1247 ut

125 1305 161 1344 ex
174 1304 233 1343 uno
248 1286 330 1361 plura
340 1295 533 1360 generentur3
556 1284 646 1360 idque
661 1303 763 1343 semen
784 1285 929 1344 inclusum
950 1295 995 1344 est
1016 1287 1046 1344 in
1068 1287 1178 1345 intuma
1191 1313 1213 1340 10

124 1394 204 1459 parte
220 1402 319 1440 earum
334 1383 480 1453 bacarum,
496 1400 571 1457 quae
587 1401 624 1440 ex
638 1401 754 1458 quaque
776 1384 864 1458 stirpe
885 1383 1058 1452 funduntur,
1072 1384 1177 1443 isdem·

124 1500 182 1556 que
196 1481 354 1539 seminibus
376 1489 406 1538 et
427 1480 561 1538 homines
576 1480 697 1538 adfatim
712 1491 870 1538 vescuntur
883 1489 913 1538 et
929 1490 1022 1539 terrae
1046 1481 1178 1540 eiusdem

80 1592 117 1633 rae
124 1579 236 1654 generis
258 1579 388 1654 stirpium
409 1579 597 1635 renovatione
615 1578 798 1653 conplentur.
841 1577 922 1653 Quid
942 1578 1055 1654 loquar,
1071 1591 1179 1654 quanta

123 1678 195 1734 ratio
221 1677 251 1734 in
273 1677 372 1735 bestiis
397 1675 435 1733 ad
463 1686 636 1750 perpetuam
662 1677 915 1734 conservationem
939 1693 1040 1734 earum
1065 1678 1178 1752 generis

124 1776 284 1851 appareat?
325 1775 402 1831 Nam
417 1774 542 1848 primum
556 1774 628 1830 allae
643 1791 747 1845 mares,
764 1774 836 1830 aliae
857 1773 983 1832 feminae
1005 1784 1082 1847 sunt,
1099 1775 1178 1851 quod
1191 1794 1211 1834 ιε

124 1872 322 1949 perpetuitatis
338 1890 426 1928 causa
440 1871 607 1928 machinata
620 1881 723 1928 natura
737 1880 790 1942 est,
805 1871 914 1929 deinde
928 1881 1026 1946 partes
1048 1873 1178 1948 corporis

126 1983 154 2029 et
175 1970 213 2028 ad
234 1969 449 2045 procreandum
470 1979 499 2026 et
518 1968 557 2027 ad
572 1968 802 2043 concipiendum
817 1968 994 2044 aptissimae,
1009 1970 1084 2028 etin
1099 1989 1178 2029 mare

125 2079 154 2126 et
168 2070 198 2126 in
212 2069 320 2125 femina
337 2065 624 2124 commiscendorum
639 2085 795 2142 corporum
810 2067 899 2124 mirae
914 2066 1058 2126 libidines.
1103 2069 1179 2128 Cunr

125 2178 222 2225 autem
237 2167 266 2223 in
281 2166 353 2223 locis
368 2183 469 2222 semen
484 2163 599 2235 insedit,
614 2165 688 2239 rapit
709 2183 829 2222 ornnem
850 2165 910 2222 fere
932 2164 1033 2222 cibum
1054 2164 1094 2223 ad
1115 2184 1178 2225 sese

126 2283 221 2339 eoque
236 2275 368 2338 saeptum
384 2263 465 2336 fingit
479 2262 604 2333 animal3
627 2261 791 2336 quodcum
812 2280 850 2319 ex
870 2270 952 2319 utero
975 2261 1108 2336 elapsum
1129 2283 1177 2321 ex·
1190 2281 1213 2308 20

126 2363 205 2432 cidit,
228 2364 257 2419 in
279 2363 312 2419 iis
334 2360 536 2429 animantibus
559 2378 633 2434 quae
655 2359 731 2416 laete
752 2360 874 2431 aluntur,
896 2360 992 2417 omnis
1013 2360 1074 2418 sere
1097 2362 1177 2420 cibus

126 2470 249 2518 matrum
273 2461 429 2517 lactescere
453 2458 562 2531 incipit,
587 2475 688 2532 eaque,
712 2476 787 2532 quae
810 2456 898 2531 paulo
921 2466 988 2514 ante
1012 2467 1081 2515 nata
1102 2468 1177 2530 sunt,

126 2560 187 2616 sine
202 2559 338 2632 magistro
354 2555 429 2612 duce
445 2565 546 2611 natura
560 2574 702 2612 mammas
717 2563 859 2628 appetunt
874 2572 1032 2628 earumque
1048 2555 1177 2614 ubertate

126 2667 294 2713 saturantur.
337 2655 432 2726 Atque
448 2663 479 2709 ut
494 2653 693 2726 intellegamus
715 2653 786 2709 nihil
807 2652 911 2709 horum
932 2669 996 2708 esse
1018 2651 1176 2725 fortuitum,

126 2764 155 2811 et
176 2754 249 2810 haee
271 2751 370 2808 omnia
391 2768 454 2806 esse
476 2768 566 2823 opera
587 2750 726 2824 providae
748 2750 927 2825 sollertisque
950 2758 1080 2822 naturae,
1103 2769 1177 2827 quae
1191 2771 1212 2810 2⁵

126 2850 298 2924 multiplices
321 2848 394 2904 fetus
417 2857 581 2920 procreant,
605 2857 636 2904 ut
658 2866 733 2918 sueS,
755 2857 786 2904 ut
809 2866 905 2918 caneS,
928 2847 961 2905 iis
983 2865 1178 2907 mammarum

126 2949 194 3005 data
215 2957 257 3003 est
279 2943 433 3002 multitudo
444 2965 452 3015 3
482 2963 553 3018 quas
576 2944 695 3002 easdem
717 2963 826 3020 paucas
849 2944 959 3004 habent
981 2962 1033 3002 eae
1057 2946 1176 3018 bestiae,

82 3064 119 3103 un
126 3063 200 3119 quae
222 3062 317 3118 pauca
337 3042 467 3116 gignunt.
511 3042 590 3115 Quid
606 3042 712 3113 (licam,
729 3053 854 3117 quantus
869 3061 951 3100 amor
967 3043 1125 3103 bestiarum
1143 3045 1178 3103 sit

126 3143 154 3198 in
176 3140 336 3197 educandis
359 3139 617 3213 custodiendisque
633 3140 675 3210 iis,
692 3159 766 3214 quae
781 3150 1015 3215 procreaverunt,
1031 3159 1125 3217 usque
1140 3141 1178 3200 ad

125 3257 192 3296 eum
207 3239 305 3307 finem,
320 3236 390 3294 dum
406 3238 518 3312 possint
533 3255 563 3293 se
578 3236 642 3311 ipsa
656 3237 838 3296 defendere?
856 3239 909 3296 etsi
923 3239 1029 3313 pisceS,
1041 3248 1074 3296 ut
1087 3241 1177 3312 aiunt,
1190 3257 1214 3296 ³0

125 3355 181 3395 ova
201 3355 269 3392 curn
291 3344 461 3409 genuerunt,
476 3333 642 3406 relinquunt
652 3355 660 3405 3
684 3336 766 3392 facile
783 3336 861 3393 enim
878 3337 926 3392 illa
946 3354 1023 3411 aqua
1044 3345 1073 3394 et
1094 3338 1177 3395 susti-

82 3438 229 3494 52nentur
256 3442 285 3489 et
314 3432 404 3488 letum
432 3429 566 3487 fundunt.
621 3431 798 3489 Testudines
827 3444 925 3491 autern
953 3443 982 3491 et
1011 3434 1178 3493 crocodilos

125 3533 235 3601 dicunt,
262 3548 329 3586 curn
355 3528 384 3584 in
409 3536 484 3583 terra
508 3534 622 3600 partum
648 3526 801 3598 ediderint,
825 3531 948 3588 obruere
978 3550 1041 3603 ova,
1068 3531 1178 3591 deinde

127 3630 278 3688 discedere
290 3648 298 3700 3
320 3626 360 3683 ita
379 3634 408 3681 et
428 3632 586 3679 nascuntur
607 3632 636 3679 et
657 3622 820 3681 educantur
841 3627 903 3700 ipsa
923 3647 976 3704 per
996 3649 1070 3688 sese.
1114 3631 1179 3689 Iam

126 3728 246 3800 gallinae
270 3739 395 3798 avesque
418 3720 545 3795 reliquae
568 3728 598 3777 et
620 3719 750 3794 quietum
772 3724 920 3796 requirunt
943 3726 981 3785 ad
1002 3729 1178 3803 pariendum
1191 3751 1214 3794 ss
