<?xml version="1.0" encoding="UTF-8"?>
<!DOCTYPE html PUBLIC "-//W3C//DTD XHTML 1.0 Transitional//EN"
    "http://www.w3.org/TR/xhtml1/DTD/xhtml1-transitional.dtd">
<html xmlns="http://www.w3.org/1999/xhtml" xml:lang="en" lang="en">
 <head>
  <title>
</title>
<meta http-equiv="Content-Type" content="text/html;charset=utf-8" />
  <meta name='ocr-system' content='tesseract 3.04.00' />
  <meta name='ocr-capabilities' content='ocr_page ocr_carea ocr_par ocr_line ocrx_word'/>
</head>
<body>
  <div class='ocr_page' id='page_1' title='image "./mtulliiciceroni00schgoog_0103.png"; bbox 0 0 2446 4102; ppageno 0'>
   <div class='ocr_carea' id='block_1_1' title="bbox 68 233 795 302">
    <p class='ocr_par' dir='ltr' id='par_1_1' title="bbox 68 233 795 302">
     <span class='ocr_line' id='line_1_1' title="bbox 68 233 795 302; baseline 0.001 -20"><span class='ocrx_word' id='word_1_1' title='bbox 68 236 112 302; x_wconf 86' lang='lat'>90</span> <span class='ocrx_word' id='word_1_2' title='bbox 397 233 445 282; x_wconf 82' lang='lat' dir='ltr'>on</span> <span class='ocrx_word' id='word_1_3' title='bbox 466 234 612 285; x_wconf 77' lang='lat' dir='ltr'><strong>NATURA</strong></span> <span class='ocrx_word' id='word_1_4' title='bbox 635 234 795 286; x_wconf 79' lang='lat' dir='ltr'><strong>DEORUM.</strong></span> 
     </span>
    </p>
   </div>
   <div class='ocr_carea' id='block_1_2' title="bbox 30 388 1164 3776">
    <p class='ocr_par' dir='ltr' id='par_1_2' title="bbox 69 388 1125 656">
     <span class='ocr_line' id='line_1_2' title="bbox 69 388 1125 463; baseline 0.002 -15"><span class='ocrx_word' id='word_1_5' title='bbox 69 392 230 448; x_wconf 84' lang='lat' dir='ltr'>animantes</span> <span class='ocrx_word' id='word_1_6' title='bbox 255 399 353 447; x_wconf 88' lang='lat' dir='ltr'>autem</span> <span class='ocrx_word' id='word_1_7' title='bbox 379 388 541 459; x_wconf 90' lang='lat' dir='ltr'>hominurn,</span> <span class='ocrx_word' id='word_1_8' title='bbox 561 398 594 446; x_wconf 93' lang='lat' dir='ltr'>ut</span> <span class='ocrx_word' id='word_1_9' title='bbox 618 406 727 463; x_wconf 90' lang='lat' dir='ltr'>equum</span> <span class='ocrx_word' id='word_1_10' title='bbox 750 388 877 447; x_wconf 85' lang='lat' dir='ltr'>vehendi</span> <span class='ocrx_word' id='word_1_11' title='bbox 901 407 1001 462; x_wconf 84' lang='lat' dir='ltr'>causa,</span> <span class='ocrx_word' id='word_1_12' title='bbox 1023 390 1125 450; x_wconf 86' lang='lat' dir='ltr'>arandi</span> 
     </span>
     <span class='ocr_line' id='line_1_3' title="bbox 69 472 1125 561; baseline 0.003 -16"><span class='ocrx_word' id='word_1_13' title='bbox 69 488 184 556; x_wconf 90' lang='lat' dir='ltr'>bovem,</span> <span class='ocrx_word' id='word_1_14' title='bbox 199 485 326 542; x_wconf 83' lang='lat' dir='ltr'>venandi</span> <span class='ocrx_word' id='word_1_15' title='bbox 342 495 371 542; x_wconf 90' lang='lat' dir='ltr'>et</span> <span class='ocrx_word' id='word_1_16' title='bbox 385 472 699 543; x_wconf 77' lang='lat' dir='ltr'>custodiendi&#39;canem.</span> <span class='ocrx_word' id='word_1_17' title='bbox 742 487 809 561; x_wconf 90' lang='lat' dir='ltr'>Ipse</span> <span class='ocrx_word' id='word_1_18' title='bbox 825 496 923 544; x_wconf 83' lang='lat' dir='ltr'>autern</span> <span class='ocrx_word' id='word_1_19' title='bbox 939 487 1032 546; x_wconf 92' lang='lat' dir='ltr'>homo</span> <span class='ocrx_word' id='word_1_20' title='bbox 1046 500 1125 548; x_wconf 88' lang='lat' dir='ltr'>ortus</span> 
     </span>
     <span class='ocr_line' id='line_1_4' title="bbox 70 581 1124 656; baseline 0.006 -15"><span class='ocrx_word' id='word_1_21' title='bbox 70 594 113 641; x_wconf 91' lang='lat' dir='ltr'>est</span> <span class='ocrx_word' id='word_1_22' title='bbox 138 583 175 639; x_wconf 89' lang='lat' dir='ltr'>ad</span> <span class='ocrx_word' id='word_1_23' title='bbox 204 582 347 639; x_wconf 89' lang='lat' dir='ltr'>mundum</span> <span class='ocrx_word' id='word_1_24' title='bbox 376 581 636 656; x_wconf 87' lang='lat' dir='ltr'>contemplandum</span> <span class='ocrx_word' id='word_1_25' title='bbox 664 593 693 640; x_wconf 90' lang='lat' dir='ltr'>et</span> <span class='ocrx_word' id='word_1_26' title='bbox 720 583 902 655; x_wconf 90' lang='lat' dir='ltr'>imitandum,</span> <span class='ocrx_word' id='word_1_27' title='bbox 924 586 1005 645; x_wconf 94' lang='lat' dir='ltr'>nullo</span> <span class='ocrx_word' id='word_1_28' title='bbox 1033 589 1124 646; x_wconf 94' lang='lat' dir='ltr'>modo</span> 
     </span>
    </p>

    <p class='ocr_par' dir='ltr' id='par_1_3' title="bbox 32 678 1161 1536">
     <span class='ocr_line' id='line_1_5' title="bbox 32 678 1125 756; baseline 0.009 -22"><span class='ocrx_word' id='word_1_29' title='bbox 32 682 224 756; x_wconf 76' lang='lat' dir='ltr'>supertectus,</span> <span class='ocrx_word' id='word_1_30' title='bbox 250 679 303 737; x_wconf 87' lang='lat' dir='ltr'>sed</span> <span class='ocrx_word' id='word_1_31' title='bbox 331 688 375 736; x_wconf 89' lang='lat' dir='ltr'>est</span> <span class='ocrx_word' id='word_1_32' title='bbox 399 678 545 752; x_wconf 80' lang='lat' dir='ltr'>quaedam</span> <span class='ocrx_word' id='word_1_33' title='bbox 569 679 710 753; x_wconf 85' lang='lat' dir='ltr'>particula</span> <span class='ocrx_word' id='word_1_34' title='bbox 737 680 867 754; x_wconf 85' lang='lat' dir='ltr'>perfecti.</span> <span class='ocrx_word' id='word_1_35' title='bbox 910 681 970 741; x_wconf 87' lang='lat' dir='ltr'>Sed</span> <span class='ocrx_word' id='word_1_36' title='bbox 998 685 1125 743; x_wconf 89' lang='lat' dir='ltr'>mundus</span> 
     </span>
     <span class='ocr_line' id='line_1_6' title="bbox 70 775 1154 856; baseline 0.007 -22"><span class='ocrx_word' id='word_1_37' title='bbox 70 779 209 852; x_wconf 84' lang='lat' dir='ltr'>quoniam</span> <span class='ocrx_word' id='word_1_38' title='bbox 234 777 333 834; x_wconf 89' lang='lat' dir='ltr'>omnia</span> <span class='ocrx_word' id='word_1_39' title='bbox 351 775 511 850; x_wconf 81' lang='lat' dir='ltr'><strong>conplexus</strong></span> <span class='ocrx_word' id='word_1_40' title='bbox 533 786 576 833; x_wconf 89' lang='lat' dir='ltr'>est</span> <span class='ocrx_word' id='word_1_41' title='bbox 598 793 694 850; x_wconf 88' lang='lat' dir='ltr'>neque</span> <span class='ocrx_word' id='word_1_42' title='bbox 719 786 763 834; x_wconf 86' lang='lat' dir='ltr'>est</span> <span class='ocrx_word' id='word_1_43' title='bbox 777 779 945 852; x_wconf 88' lang='lat' dir='ltr'>quicquam,</span> <span class='ocrx_word' id='word_1_44' title='bbox 961 782 1044 856; x_wconf 93' lang='lat' dir='ltr'>quod</span> <span class='ocrx_word' id='word_1_45' title='bbox 1065 801 1154 842; x_wconf 81' lang='lat' dir='ltr'>nons</span> 
     </span>
     <span class='ocr_line' id='line_1_7' title="bbox 70 872 1124 952; baseline 0.007 -20"><span class='ocrx_word' id='word_1_46' title='bbox 70 876 136 932; x_wconf 90' lang='lat' dir='ltr'>insit</span> <span class='ocrx_word' id='word_1_47' title='bbox 151 875 179 931; x_wconf 93' lang='lat' dir='ltr'>in</span> <span class='ocrx_word' id='word_1_48' title='bbox 195 892 240 943; x_wconf 90' lang='lat' dir='ltr'>eo,</span> <span class='ocrx_word' id='word_1_49' title='bbox 256 873 401 947; x_wconf 89' lang='lat' dir='ltr'>perfectus</span> <span class='ocrx_word' id='word_1_50' title='bbox 422 872 552 946; x_wconf 90' lang='lat' dir='ltr'>undique</span> <span class='ocrx_word' id='word_1_51' title='bbox 575 882 627 930; x_wconf 90' lang='lat' dir='ltr'>est.</span> <span class='ocrx_word' id='word_1_52' title='bbox 670 873 730 947; x_wconf 91' lang='lat' dir='ltr'>Qui</span> <span class='ocrx_word' id='word_1_53' title='bbox 752 875 837 949; x_wconf 86' lang='lat' dir='ltr'>igitur</span> <span class='ocrx_word' id='word_1_54' title='bbox 859 888 957 952; x_wconf 90' lang='lat' dir='ltr'>potest</span> <span class='ocrx_word' id='word_1_55' title='bbox 979 880 1007 936; x_wconf 91' lang='lat' dir='ltr'>ei</span> <span class='ocrx_word' id='word_1_56' title='bbox 1022 879 1124 938; x_wconf 90' lang='lat' dir='ltr'>deesse</span> 
     </span>
     <span class='ocr_line' id='line_1_8' title="bbox 70 970 1125 1050; baseline 0.008 -22"><span class='ocrx_word' id='word_1_57' title='bbox 70 972 109 1043; x_wconf 90' lang='lat' dir='ltr'>id,</span> <span class='ocrx_word' id='word_1_58' title='bbox 122 971 202 1045; x_wconf 89' lang='lat' dir='ltr'>quod</span> <span class='ocrx_word' id='word_1_59' title='bbox 218 981 260 1027; x_wconf 90' lang='lat' dir='ltr'>est</span> <span class='ocrx_word' id='word_1_60' title='bbox 275 971 439 1044; x_wconf 84' lang='lat' dir='ltr'>optimum?</span> <span class='ocrx_word' id='word_1_61' title='bbox 460 970 530 1027; x_wconf 89' lang='lat' dir='ltr'>nihil</span> <span class='ocrx_word' id='word_1_62' title='bbox 545 980 643 1028; x_wconf 91' lang='lat' dir='ltr'>autem</span> <span class='ocrx_word' id='word_1_63' title='bbox 658 979 702 1028; x_wconf 89' lang='lat' dir='ltr'>est</span> <span class='ocrx_word' id='word_1_64' title='bbox 717 983 817 1031; x_wconf 91' lang='lat' dir='ltr'>mente</span> <span class='ocrx_word' id='word_1_65' title='bbox 832 985 861 1032; x_wconf 92' lang='lat' dir='ltr'>et</span> <span class='ocrx_word' id='word_1_66' title='bbox 875 976 987 1034; x_wconf 89' lang='lat' dir='ltr'>ratione</span> <span class='ocrx_word' id='word_1_67' title='bbox 1003 979 1125 1050; x_wconf 88' lang='lat' dir='ltr'>melius;</span> 
     </span>
     <span class='ocr_line' id='line_1_9' title="bbox 71 1065 1125 1150; baseline 0.007 -24"><span class='ocrx_word' id='word_1_68' title='bbox 71 1088 139 1143; x_wconf 87' lang='lat' dir='ltr'>ergo</span> <span class='ocrx_word' id='word_1_69' title='bbox 155 1068 227 1125; x_wconf 91' lang='lat' dir='ltr'>haec</span> <span class='ocrx_word' id='word_1_70' title='bbox 242 1065 353 1123; x_wconf 89' lang='lat' dir='ltr'>mundo</span> <span class='ocrx_word' id='word_1_71' title='bbox 369 1066 472 1123; x_wconf 84' lang='lat' dir='ltr'>deesse</span> <span class='ocrx_word' id='word_1_72' title='bbox 487 1084 547 1124; x_wconf 92' lang='lat' dir='ltr'>non</span> <span class='ocrx_word' id='word_1_73' title='bbox 563 1077 694 1143; x_wconf 88' lang='lat' dir='ltr'>possunt.</span> <span class='ocrx_word' id='word_1_74' title='bbox 739 1071 819 1129; x_wconf 91' lang='lat' dir='ltr'>Bene</span> <span class='ocrx_word' id='word_1_75' title='bbox 834 1072 919 1147; x_wconf 85' lang='lat' dir='ltr'>igitur</span> <span class='ocrx_word' id='word_1_76' title='bbox 939 1073 1019 1132; x_wconf 91' lang='lat' dir='ltr'>idem</span> <span class='ocrx_word' id='word_1_77' title='bbox 1035 1075 1125 1150; x_wconf 79' lang='lat' dir='ltr'><strong>Chry·</strong></span> 
     </span>
     <span class='ocr_line' id='line_1_10' title="bbox 71 1163 1125 1245; baseline 0.005 -21"><span class='ocrx_word' id='word_1_78' title='bbox 71 1167 179 1241; x_wconf 89' lang='lat' dir='ltr'>sippus,</span> <span class='ocrx_word' id='word_1_79' title='bbox 202 1166 252 1239; x_wconf 88' lang='lat' dir='ltr'>qui</span> <span class='ocrx_word' id='word_1_80' title='bbox 273 1163 474 1221; x_wconf 84' lang='lat' dir='ltr'>similitudines</span> <span class='ocrx_word' id='word_1_81' title='bbox 497 1163 658 1239; x_wconf 90' lang='lat' dir='ltr'>adiungens</span> <span class='ocrx_word' id='word_1_82' title='bbox 683 1169 781 1226; x_wconf 89' lang='lat' dir='ltr'>omnia</span> <span class='ocrx_word' id='word_1_83' title='bbox 802 1170 832 1227; x_wconf 91' lang='lat' dir='ltr'>in</span> <span class='ocrx_word' id='word_1_84' title='bbox 854 1170 991 1245; x_wconf 89' lang='lat' dir='ltr'>perlectis</span> <span class='ocrx_word' id='word_1_85' title='bbox 1014 1181 1044 1229; x_wconf 88' lang='lat' dir='ltr'>et</span> <span class='ocrx_word' id='word_1_86' title='bbox 1065 1190 1125 1229; x_wconf 87' lang='lat' dir='ltr'>tna-</span> 
     </span>
     <span class='ocr_line' id='line_1_11' title="bbox 70 1261 1161 1345; baseline 0 -24"><span class='ocrx_word' id='word_1_87' title='bbox 70 1265 140 1321; x_wconf 89' lang='lat' dir='ltr'>turis</span> <span class='ocrx_word' id='word_1_88' title='bbox 162 1263 250 1320; x_wconf 90' lang='lat' dir='ltr'>docet</span> <span class='ocrx_word' id='word_1_89' title='bbox 272 1279 335 1318; x_wconf 91' lang='lat' dir='ltr'>esse</span> <span class='ocrx_word' id='word_1_90' title='bbox 358 1261 532 1330; x_wconf 71' lang='lat' dir='ltr'>meliorant</span> <span class='ocrx_word' id='word_1_91' title='bbox 553 1262 583 1318; x_wconf 92' lang='lat' dir='ltr'>in</span> <span class='ocrx_word' id='word_1_92' title='bbox 607 1281 685 1338; x_wconf 93' lang='lat' dir='ltr'>equo</span> <span class='ocrx_word' id='word_1_93' title='bbox 706 1283 796 1340; x_wconf 91' lang='lat' dir='ltr'>quarn</span> <span class='ocrx_word' id='word_1_94' title='bbox 817 1268 848 1324; x_wconf 93' lang='lat' dir='ltr'>in</span> <span class='ocrx_word' id='word_1_95' title='bbox 870 1268 984 1339; x_wconf 85' lang='lat' dir='ltr'>eculeo,</span> <span class='ocrx_word' id='word_1_96' title='bbox 999 1269 1030 1326; x_wconf 94' lang='lat' dir='ltr'>in</span> <span class='ocrx_word' id='word_1_97' title='bbox 1052 1287 1125 1345; x_wconf 85' lang='lat' dir='ltr'>cane</span> <span class='ocrx_word' id='word_1_98' title='bbox 1139 1295 1161 1322; x_wconf 73' lang='grc' dir='ltr'>ιο</span> 
     </span>
     <span class='ocr_line' id='line_1_12' title="bbox 72 1359 1126 1440; baseline 0.008 -23"><span class='ocrx_word' id='word_1_99' title='bbox 72 1379 160 1435; x_wconf 85' lang='lat' dir='ltr'>quam</span> <span class='ocrx_word' id='word_1_100' title='bbox 183 1361 213 1416; x_wconf 92' lang='lat' dir='ltr'>in</span> <span class='ocrx_word' id='word_1_101' title='bbox 236 1359 341 1429; x_wconf 83' lang='lat' dir='ltr'>catulo,</span> <span class='ocrx_word' id='word_1_102' title='bbox 363 1359 393 1415; x_wconf 90' lang='lat' dir='ltr'>in</span> <span class='ocrx_word' id='word_1_103' title='bbox 417 1359 477 1416; x_wconf 89' lang='lat' dir='ltr'>viro</span> <span class='ocrx_word' id='word_1_104' title='bbox 503 1376 591 1433; x_wconf 86' lang='lat' dir='ltr'>quarn</span> <span class='ocrx_word' id='word_1_105' title='bbox 617 1362 647 1419; x_wconf 89' lang='lat' dir='ltr'>in</span> <span class='ocrx_word' id='word_1_106' title='bbox 672 1382 773 1439; x_wconf 89' lang='lat' dir='ltr'>puero,</span> <span class='ocrx_word' id='word_1_107' title='bbox 789 1365 868 1435; x_wconf 88' lang='lat' dir='ltr'>item,</span> <span class='ocrx_word' id='word_1_108' title='bbox 883 1365 966 1440; x_wconf 93' lang='lat' dir='ltr'>quod</span> <span class='ocrx_word' id='word_1_109' title='bbox 990 1367 1021 1423; x_wconf 86' lang='lat' dir='ltr'>in</span> <span class='ocrx_word' id='word_1_110' title='bbox 1046 1367 1126 1425; x_wconf 91' lang='lat' dir='ltr'>omni</span> 
     </span>
     <span class='ocr_line' id='line_1_13' title="bbox 72 1455 1126 1536; baseline 0.007 -20"><span class='ocrx_word' id='word_1_111' title='bbox 72 1459 184 1517; x_wconf 88' lang='lat' dir='ltr'>mundo</span> <span class='ocrx_word' id='word_1_112' title='bbox 199 1459 343 1532; x_wconf 90' lang='lat' dir='ltr'>optimum</span> <span class='ocrx_word' id='word_1_113' title='bbox 358 1457 402 1526; x_wconf 90' lang='lat' dir='ltr'>sit,</span> <span class='ocrx_word' id='word_1_114' title='bbox 418 1455 448 1512; x_wconf 94' lang='lat' dir='ltr'>id</span> <span class='ocrx_word' id='word_1_115' title='bbox 470 1456 500 1512; x_wconf 91' lang='lat' dir='ltr'>in</span> <span class='ocrx_word' id='word_1_116' title='bbox 521 1459 653 1532; x_wconf 89' lang='lat' dir='ltr'>perfecto</span> <span class='ocrx_word' id='word_1_117' title='bbox 674 1462 771 1536; x_wconf 91' lang='lat' dir='ltr'>aliquo</span> <span class='ocrx_word' id='word_1_118' title='bbox 794 1472 881 1536; x_wconf 89' lang='lat' dir='ltr'>atque</span> <span class='ocrx_word' id='word_1_119' title='bbox 904 1463 1041 1522; x_wconf 87' lang='lat' dir='ltr'>absoluto</span> <span class='ocrx_word' id='word_1_120' title='bbox 1062 1482 1126 1523; x_wconf 88' lang='lat' dir='ltr'>esse</span> 
     </span>
    </p>

    <p class='ocr_par' dir='ltr' id='par_1_4' title="bbox 33 1554 1160 2024">
     <span class='ocr_line' id='line_1_14' title="bbox 33 1554 1125 1635; baseline 0.012 -28"><span class='ocrx_word' id='word_1_121' title='bbox 33 1566 60 1607; x_wconf 79' lang='lat' dir='ltr'>ao</span> <span class='ocrx_word' id='word_1_122' title='bbox 72 1557 200 1627; x_wconf 82' lang='lat' dir='ltr'>debere;</span> <span class='ocrx_word' id='word_1_123' title='bbox 222 1564 266 1611; x_wconf 90' lang='lat' dir='ltr'>est</span> <span class='ocrx_word' id='word_1_124' title='bbox 281 1564 378 1611; x_wconf 89' lang='lat' dir='ltr'>autem</span> <span class='ocrx_word' id='word_1_125' title='bbox 399 1554 470 1611; x_wconf 92' lang='lat' dir='ltr'>nibil</span> <span class='ocrx_word' id='word_1_126' title='bbox 493 1556 605 1615; x_wconf 91' lang='lat' dir='ltr'>mundo</span> <span class='ocrx_word' id='word_1_127' title='bbox 621 1559 785 1633; x_wconf 85' lang='lat' dir='ltr'>perfectius,</span> <span class='ocrx_word' id='word_1_128' title='bbox 800 1559 872 1616; x_wconf 89' lang='lat' dir='ltr'>nihil</span> <span class='ocrx_word' id='word_1_129' title='bbox 884 1560 989 1618; x_wconf 84' lang='lat' dir='ltr'>virtute</span> <span class='ocrx_word' id='word_1_130' title='bbox 1004 1563 1125 1635; x_wconf 89' lang='lat' dir='ltr'>melius;</span> 
     </span>
     <span class='ocr_line' id='line_1_15' title="bbox 72 1655 1126 1734; baseline 0.004 -21"><span class='ocrx_word' id='word_1_131' title='bbox 72 1657 157 1730; x_wconf 84' lang='lat' dir='ltr'>igitur</span> <span class='ocrx_word' id='word_1_132' title='bbox 171 1655 273 1712; x_wconf 92' lang='lat' dir='ltr'>mundi</span> <span class='ocrx_word' id='word_1_133' title='bbox 289 1664 331 1712; x_wconf 86' lang='lat' dir='ltr'>est</span> <span class='ocrx_word' id='word_1_134' title='bbox 352 1655 468 1729; x_wconf 88' lang='lat' dir='ltr'>propria</span> <span class='ocrx_word' id='word_1_135' title='bbox 482 1655 579 1712; x_wconf 79' lang='lat' dir='ltr'>virtue.</span> <span class='ocrx_word' id='word_1_136' title='bbox 623 1656 688 1713; x_wconf 90' lang='lat' dir='ltr'>Nec</span> <span class='ocrx_word' id='word_1_137' title='bbox 701 1675 770 1714; x_wconf 89' lang='lat' dir='ltr'>vero</span> <span class='ocrx_word' id='word_1_138' title='bbox 791 1657 918 1715; x_wconf 90' lang='lat' dir='ltr'>hominis</span> <span class='ocrx_word' id='word_1_139' title='bbox 939 1668 1043 1717; x_wconf 91' lang='lat' dir='ltr'>natura</span> <span class='ocrx_word' id='word_1_140' title='bbox 1062 1677 1126 1734; x_wconf 90' lang='lat' dir='ltr'>per·</span> 
     </span>
     <span class='ocr_line' id='line_1_16' title="bbox 72 1751 1160 1831; baseline 0.004 -20"><span class='ocrx_word' id='word_1_141' title='bbox 72 1754 148 1811; x_wconf 87' lang='lat' dir='ltr'>lecta</span> <span class='ocrx_word' id='word_1_142' title='bbox 162 1762 214 1823; x_wconf 90' lang='lat' dir='ltr'>est,</span> <span class='ocrx_word' id='word_1_143' title='bbox 230 1762 259 1809; x_wconf 92' lang='lat' dir='ltr'>et</span> <span class='ocrx_word' id='word_1_144' title='bbox 279 1751 401 1809; x_wconf 90' lang='lat' dir='ltr'>efficitur</span> <span class='ocrx_word' id='word_1_145' title='bbox 422 1761 520 1808; x_wconf 88' lang='lat' dir='ltr'>tamen</span> <span class='ocrx_word' id='word_1_146' title='bbox 542 1753 571 1809; x_wconf 93' lang='lat' dir='ltr'>in</span> <span class='ocrx_word' id='word_1_147' title='bbox 594 1752 712 1810; x_wconf 90' lang='lat' dir='ltr'>homine</span> <span class='ocrx_word' id='word_1_148' title='bbox 726 1754 814 1812; x_wconf 90' lang='lat' dir='ltr'>virtus</span> <span class='ocrx_word' id='word_1_149' title='bbox 825 1774 833 1825; x_wconf 82' lang='lat'><em>3</em></span> <span class='ocrx_word' id='word_1_150' title='bbox 856 1763 967 1828; x_wconf 86' lang='lat' dir='ltr'>quanto</span> <span class='ocrx_word' id='word_1_151' title='bbox 989 1756 1076 1831; x_wconf 88' lang='lat' dir='ltr'>igitur</span> <span class='ocrx_word' id='word_1_152' title='bbox 1097 1757 1126 1814; x_wconf 91' lang='lat' dir='ltr'>in</span> <span class='ocrx_word' id='word_1_153' title='bbox 1139 1778 1160 1815; x_wconf 68' lang='grc' dir='ltr'>τε</span> 
     </span>
     <span class='ocr_line' id='line_1_17' title="bbox 73 1829 1127 1928; baseline 0.003 -19"><span class='ocrx_word' id='word_1_154' title='bbox 73 1850 184 1909; x_wconf 91' lang='lat' dir='ltr'>mundo</span> <span class='ocrx_word' id='word_1_155' title='bbox 209 1850 339 1906; x_wconf 87' lang='lat' dir='ltr'>facilius!</span> <span class='ocrx_word' id='word_1_156' title='bbox 365 1859 409 1907; x_wconf 92' lang='lat' dir='ltr'>est</span> <span class='ocrx_word' id='word_1_157' title='bbox 434 1867 503 1924; x_wconf 85' lang='lat' dir='ltr'>ergo</span> <span class='ocrx_word' id='word_1_158' title='bbox 525 1850 556 1906; x_wconf 93' lang='lat' dir='ltr'>in</span> <span class='ocrx_word' id='word_1_159' title='bbox 580 1829 624 1907; x_wconf 81' lang='lat' dir='ltr'>eo¹</span> <span class='ocrx_word' id='word_1_160' title='bbox 641 1850 748 1923; x_wconf 77' lang='lat' dir='ltr'>virtus3</span> <span class='ocrx_word' id='word_1_161' title='bbox 777 1852 893 1926; x_wconf 90' lang='lat' dir='ltr'>sapiens</span> <span class='ocrx_word' id='word_1_162' title='bbox 919 1861 963 1910; x_wconf 89' lang='lat' dir='ltr'>est</span> <span class='ocrx_word' id='word_1_163' title='bbox 988 1853 1075 1928; x_wconf 87' lang='lat' dir='ltr'>igitur</span> <span class='ocrx_word' id='word_1_164' title='bbox 1098 1863 1127 1912; x_wconf 92' lang='lat' dir='ltr'>et</span> 
     </span>
     <span class='ocr_line' id='line_1_18' title="bbox 72 1947 329 2024; baseline -0.004 -18"><span class='ocrx_word' id='word_1_165' title='bbox 72 1959 227 2024; x_wconf 88' lang='lat' dir='ltr'>propterea</span> <span class='ocrx_word' id='word_1_166' title='bbox 247 1947 329 2005; x_wconf 90' lang='lat' dir='ltr'>deus.</span> 
     </span>
    </p>

    <p class='ocr_par' dir='ltr' id='par_1_5' title="bbox 30 2045 1161 2416">
     <span class='ocr_line' id='line_1_19' title="bbox 30 2045 1126 2122; baseline 0.001 -16"><span class='ocrx_word' id='word_1_167' title='bbox 30 2052 66 2109; x_wconf 76' lang='lat'>15</span> <span class='ocrx_word' id='word_1_168' title='bbox 114 2049 209 2122; x_wconf 87' lang='lat' dir='ltr'>Atque</span> <span class='ocrx_word' id='word_1_169' title='bbox 225 2048 279 2104; x_wconf 82' lang='lat' dir='ltr'>hac</span> <span class='ocrx_word' id='word_1_170' title='bbox 295 2046 398 2104; x_wconf 91' lang='lat' dir='ltr'>mundi</span> <span class='ocrx_word' id='word_1_171' title='bbox 413 2045 561 2104; x_wconf 88' lang='lat' dir='ltr'>divinitate</span> <span class='ocrx_word' id='word_1_172' title='bbox 576 2053 731 2120; x_wconf 83' lang='lat' dir='ltr'>perspecta</span> <span class='ocrx_word' id='word_1_173' title='bbox 743 2046 898 2104; x_wconf 87' lang='lat' dir='ltr'>tribuenda</span> <span class='ocrx_word' id='word_1_174' title='bbox 919 2057 964 2105; x_wconf 90' lang='lat' dir='ltr'>est</span> <span class='ocrx_word' id='word_1_175' title='bbox 985 2047 1126 2107; x_wconf 86' lang='lat' dir='ltr'>sideribus</span> 
     </span>
     <span class='ocr_line' id='line_1_20' title="bbox 73 2143 1126 2219; baseline 0.001 -17"><span class='ocrx_word' id='word_1_176' title='bbox 73 2145 179 2203; x_wconf 90' lang='lat' dir='ltr'>eadem</span> <span class='ocrx_word' id='word_1_177' title='bbox 208 2146 350 2216; x_wconf 71' lang='lat' dir='ltr'>divinitas</span> <span class='ocrx_word' id='word_1_178' title='bbox 377 2162 452 2219; x_wconf 86' lang='lat' dir='ltr'>quae</span> <span class='ocrx_word' id='word_1_179' title='bbox 481 2161 518 2200; x_wconf 89' lang='lat' dir='ltr'>ex</span> <span class='ocrx_word' id='word_1_180' title='bbox 546 2143 734 2200; x_wconf 84' lang='lat' dir='ltr'>mobilissima</span> <span class='ocrx_word' id='word_1_181' title='bbox 764 2144 975 2219; x_wconf 88' lang='lat' dir='ltr'>purissimaque</span> <span class='ocrx_word' id='word_1_182' title='bbox 1003 2145 1126 2203; x_wconf 89' lang='lat' dir='ltr'>aetheris</span> 
     </span>
     <span class='ocr_line' id='line_1_21' title="bbox 74 2241 1161 2319; baseline 0 -19"><span class='ocrx_word' id='word_1_183' title='bbox 74 2253 154 2318; x_wconf 82' lang='lat' dir='ltr'>parte</span> <span class='ocrx_word' id='word_1_184' title='bbox 183 2245 346 2319; x_wconf 79' lang='lat' dir='ltr'>gignuntur,</span> <span class='ocrx_word' id='word_1_185' title='bbox 376 2261 472 2317; x_wconf 89' lang='lat' dir='ltr'>neque</span> <span class='ocrx_word' id='word_1_186' title='bbox 501 2242 558 2297; x_wconf 85' lang='lat' dir='ltr'>ulla</span> <span class='ocrx_word' id='word_1_187' title='bbox 585 2251 735 2315; x_wconf 87' lang='lat' dir='ltr'>praeterea</span> <span class='ocrx_word' id='word_1_188' title='bbox 762 2251 829 2298; x_wconf 89' lang='lat' dir='ltr'>sunt</span> <span class='ocrx_word' id='word_1_189' title='bbox 861 2241 992 2299; x_wconf 86' lang='lat' dir='ltr'>admixta</span> <span class='ocrx_word' id='word_1_190' title='bbox 1025 2252 1161 2300; x_wconf 66' lang='lat' dir='ltr'>naturam</span> 
     </span>
     <span class='ocr_line' id='line_1_22' title="bbox 73 2336 1126 2416; baseline -0.003 -15"><span class='ocrx_word' id='word_1_191' title='bbox 73 2353 192 2416; x_wconf 84' lang='lat' dir='ltr'>totaque</span> <span class='ocrx_word' id='word_1_192' title='bbox 208 2352 275 2399; x_wconf 91' lang='lat' dir='ltr'>sunt</span> <span class='ocrx_word' id='word_1_193' title='bbox 290 2340 384 2398; x_wconf 85' lang='lat' dir='ltr'>calida</span> <span class='ocrx_word' id='word_1_194' title='bbox 399 2351 485 2415; x_wconf 90' lang='lat' dir='ltr'>atque</span> <span class='ocrx_word' id='word_1_195' title='bbox 501 2336 659 2413; x_wconf 86' lang='lat' dir='ltr'>perlucida,</span> <span class='ocrx_word' id='word_1_196' title='bbox 675 2347 707 2394; x_wconf 92' lang='lat' dir='ltr'>ut</span> <span class='ocrx_word' id='word_1_197' title='bbox 728 2355 763 2394; x_wconf 86' lang='lat' dir='ltr'>ea</span> <span class='ocrx_word' id='word_1_198' title='bbox 776 2355 894 2412; x_wconf 90' lang='lat' dir='ltr'>quoque</span> <span class='ocrx_word' id='word_1_199' title='bbox 916 2339 1078 2397; x_wconf 87' lang='lat' dir='ltr'>rectissime</span> <span class='ocrx_word' id='word_1_200' title='bbox 1099 2349 1126 2397; x_wconf 93' lang='lat' dir='ltr'>et</span> 
     </span>
    </p>

    <p class='ocr_par' dir='ltr' id='par_1_6' title="bbox 35 2435 1164 3388">
     <span class='ocr_line' id='line_1_23' title="bbox 35 2435 1127 2511; baseline -0.004 -13"><span class='ocrx_word' id='word_1_201' title='bbox 35 2451 61 2492; x_wconf 80' lang='lat'>40</span> <span class='ocrx_word' id='word_1_202' title='bbox 74 2441 233 2499; x_wconf 83' lang='lat' dir='ltr'>animantia</span> <span class='ocrx_word' id='word_1_203' title='bbox 248 2457 310 2497; x_wconf 90' lang='lat' dir='ltr'>esse</span> <span class='ocrx_word' id='word_1_204' title='bbox 326 2449 355 2496; x_wconf 89' lang='lat' dir='ltr'>et</span> <span class='ocrx_word' id='word_1_205' title='bbox 370 2439 475 2496; x_wconf 86' lang='lat' dir='ltr'>sentire</span> <span class='ocrx_word' id='word_1_206' title='bbox 499 2447 586 2510; x_wconf 86' lang='lat' dir='ltr'>atque</span> <span class='ocrx_word' id='word_1_207' title='bbox 608 2435 773 2509; x_wconf 84' lang='lat' dir='ltr'>intellegere</span> <span class='ocrx_word' id='word_1_208' title='bbox 788 2435 930 2493; x_wconf 88' lang='lat' dir='ltr'>dicantur.</span> <span class='ocrx_word' id='word_1_209' title='bbox 973 2439 1070 2511; x_wconf 91' lang='lat' dir='ltr'>Atque</span> <span class='ocrx_word' id='word_1_210' title='bbox 1092 2455 1127 2494; x_wconf 87' lang='lat' dir='ltr'>ea</span> 
     </span>
     <span class='ocr_line' id='line_1_24' title="bbox 74 2532 1127 2613; baseline -0.003 -19"><span class='ocrx_word' id='word_1_211' title='bbox 74 2538 194 2613; x_wconf 89' lang='lat' dir='ltr'>quidem</span> <span class='ocrx_word' id='word_1_212' title='bbox 208 2548 270 2594; x_wconf 81' lang='lat' dir='ltr'>tota</span> <span class='ocrx_word' id='word_1_213' title='bbox 284 2555 346 2594; x_wconf 89' lang='lat' dir='ltr'>esse</span> <span class='ocrx_word' id='word_1_214' title='bbox 367 2537 452 2611; x_wconf 81' lang='lat' dir='ltr'>ignca</span> <span class='ocrx_word' id='word_1_215' title='bbox 466 2535 591 2593; x_wconf 90' lang='lat' dir='ltr'>duorum</span> <span class='ocrx_word' id='word_1_216' title='bbox 613 2551 750 2590; x_wconf 91' lang='lat' dir='ltr'>sensuum</span> <span class='ocrx_word' id='word_1_217' title='bbox 772 2532 939 2591; x_wconf 89' lang='lat' dir='ltr'>testimonio</span> <span class='ocrx_word' id='word_1_218' title='bbox 963 2534 1127 2591; x_wconf 85' lang='lat' dir='ltr'>confirmari</span> 
     </span>
     <span class='ocr_line' id='line_1_25' title="bbox 74 2631 1126 2710; baseline -0.004 -16"><span class='ocrx_word' id='word_1_219' title='bbox 74 2636 230 2695; x_wconf 82' lang='lat' dir='ltr'>Cleanthes</span> <span class='ocrx_word' id='word_1_220' title='bbox 246 2646 336 2710; x_wconf 85' lang='lat' dir='ltr'>putat,</span> <span class='ocrx_word' id='word_1_221' title='bbox 352 2645 446 2692; x_wconf 89' lang='lat' dir='ltr'>tactus</span> <span class='ocrx_word' id='word_1_222' title='bbox 461 2644 490 2691; x_wconf 89' lang='lat' dir='ltr'>et</span> <span class='ocrx_word' id='word_1_223' title='bbox 510 2633 669 2690; x_wconf 90' lang='lat' dir='ltr'>oculorum.</span> <span class='ocrx_word' id='word_1_224' title='bbox 713 2632 790 2688; x_wconf 87' lang='lat' dir='ltr'>Nam</span> <span class='ocrx_word' id='word_1_225' title='bbox 812 2631 879 2688; x_wconf 92' lang='lat' dir='ltr'>solis</span> <span class='ocrx_word' id='word_1_226' title='bbox 901 2640 930 2688; x_wconf 89' lang='lat' dir='ltr'>et</span> <span class='ocrx_word' id='word_1_227' title='bbox 951 2631 1064 2689; x_wconf 87' lang='lat' dir='ltr'>candor</span> <span class='ocrx_word' id='word_1_228' title='bbox 1085 2633 1126 2690; x_wconf 91' lang='lat' dir='ltr'>in·</span> 
     </span>
     <span class='ocr_line' id='line_1_26' title="bbox 73 2728 1162 2807; baseline -0.009 -16"><span class='ocrx_word' id='word_1_229' title='bbox 73 2734 185 2791; x_wconf 88' lang='lat' dir='ltr'>lustrior</span> <span class='ocrx_word' id='word_1_230' title='bbox 210 2743 253 2790; x_wconf 88' lang='lat' dir='ltr'>est</span> <span class='ocrx_word' id='word_1_231' title='bbox 274 2752 362 2807; x_wconf 84' lang='lat' dir='ltr'>quam</span> <span class='ocrx_word' id='word_1_232' title='bbox 386 2733 468 2789; x_wconf 93' lang='lat' dir='ltr'>ullius</span> <span class='ocrx_word' id='word_1_233' title='bbox 491 2732 573 2805; x_wconf 84' lang='lat' dir='ltr'>ignis,</span> <span class='ocrx_word' id='word_1_234' title='bbox 597 2730 706 2804; x_wconf 89' lang='lat' dir='ltr'>quippe</span> <span class='ocrx_word' id='word_1_235' title='bbox 728 2730 778 2802; x_wconf 92' lang='lat' dir='ltr'>qui</span> <span class='ocrx_word' id='word_1_236' title='bbox 799 2730 830 2786; x_wconf 84' lang='lat' dir='ltr'>in</span> <span class='ocrx_word' id='word_1_237' title='bbox 855 2729 990 2786; x_wconf 89' lang='lat' dir='ltr'>inmenso</span> <span class='ocrx_word' id='word_1_238' title='bbox 1014 2728 1127 2787; x_wconf 91' lang='lat' dir='ltr'>mundo</span> <span class='ocrx_word' id='word_1_239' title='bbox 1140 2755 1162 2792; x_wconf 80' lang='lat'>25</span> 
     </span>
     <span class='ocr_line' id='line_1_27' title="bbox 74 2828 1127 2904; baseline -0.004 -16"><span class='ocrx_word' id='word_1_240' title='bbox 74 2841 133 2888; x_wconf 89' lang='lat' dir='ltr'>tam</span> <span class='ocrx_word' id='word_1_241' title='bbox 147 2831 233 2904; x_wconf 80' lang='lat' dir='ltr'>longe</span> <span class='ocrx_word' id='word_1_242' title='bbox 249 2831 363 2904; x_wconf 82' lang='lat' dir='ltr'>lateque</span> <span class='ocrx_word' id='word_1_243' title='bbox 379 2830 541 2899; x_wconf 82' lang='lat' dir='ltr'>conluceat,</span> <span class='ocrx_word' id='word_1_244' title='bbox 558 2838 586 2885; x_wconf 92' lang='lat' dir='ltr'>et</span> <span class='ocrx_word' id='word_1_245' title='bbox 602 2829 624 2884; x_wconf 92' lang='lat' dir='ltr'>is</span> <span class='ocrx_word' id='word_1_246' title='bbox 646 2828 707 2883; x_wconf 88' lang='lat' dir='ltr'>eius</span> <span class='ocrx_word' id='word_1_247' title='bbox 728 2835 822 2883; x_wconf 85' lang='lat' dir='ltr'>tactus</span> <span class='ocrx_word' id='word_1_248' title='bbox 844 2835 896 2896; x_wconf 87' lang='lat' dir='ltr'>est,</span> <span class='ocrx_word' id='word_1_249' title='bbox 911 2844 972 2883; x_wconf 94' lang='lat' dir='ltr'>non</span> <span class='ocrx_word' id='word_1_250' title='bbox 994 2836 1026 2883; x_wconf 91' lang='lat' dir='ltr'>ut</span> <span class='ocrx_word' id='word_1_251' title='bbox 1048 2836 1127 2901; x_wconf 90' lang='lat' dir='ltr'>tape-</span> 
     </span>
     <span class='ocr_line' id='line_1_28' title="bbox 74 2924 1127 3000; baseline -0.004 -16"><span class='ocrx_word' id='word_1_252' title='bbox 74 2928 159 2984; x_wconf 84' lang='lat' dir='ltr'>saciat</span> <span class='ocrx_word' id='word_1_253' title='bbox 174 2928 276 2997; x_wconf 91' lang='lat' dir='ltr'>solum,</span> <span class='ocrx_word' id='word_1_254' title='bbox 292 2926 344 2983; x_wconf 90' lang='lat' dir='ltr'>sed</span> <span class='ocrx_word' id='word_1_255' title='bbox 366 2928 453 2984; x_wconf 80' lang='lat' dir='ltr'>etiam</span> <span class='ocrx_word' id='word_1_256' title='bbox 468 2945 555 3000; x_wconf 89' lang='lat' dir='ltr'>saepe</span> <span class='ocrx_word' id='word_1_257' title='bbox 572 2926 732 2995; x_wconf 89' lang='lat' dir='ltr'>comburat,</span> <span class='ocrx_word' id='word_1_258' title='bbox 749 2942 873 2999; x_wconf 91' lang='lat' dir='ltr'>quorum</span> <span class='ocrx_word' id='word_1_259' title='bbox 893 2932 1030 2981; x_wconf 90' lang='lat' dir='ltr'>neutrum</span> <span class='ocrx_word' id='word_1_260' title='bbox 1051 2924 1127 2980; x_wconf 84' lang='lat' dir='ltr'>face·</span> 
     </span>
     <span class='ocr_line' id='line_1_29' title="bbox 74 3020 1127 3097; baseline -0.003 -16"><span class='ocrx_word' id='word_1_261' title='bbox 74 3035 125 3095; x_wconf 85' lang='lat' dir='ltr'>ret,</span> <span class='ocrx_word' id='word_1_262' title='bbox 141 3026 194 3080; x_wconf 93' lang='lat' dir='ltr'>nisi</span> <span class='ocrx_word' id='word_1_263' title='bbox 210 3034 286 3080; x_wconf 87' lang='lat' dir='ltr'>esset</span> <span class='ocrx_word' id='word_1_264' title='bbox 300 3024 410 3097; x_wconf 85' lang='lat' dir='ltr'>igneus.</span> <span class='ocrx_word' id='word_1_265' title='bbox 454 3026 550 3097; x_wconf 84' lang='lat' dir='ltr'>‘Ergo</span> <span class='ocrx_word' id='word_1_266' title='bbox 562 3025 578 3093; x_wconf 78' lang='lat'>¹,</span> <span class='ocrx_word' id='word_1_267' title='bbox 592 3023 693 3096; x_wconf 89' lang='lat' dir='ltr'>inquit,</span> <span class='ocrx_word' id='word_1_268' title='bbox 712 3027 797 3078; x_wconf 89' lang='lat' dir='ltr'>‘cum</span> <span class='ocrx_word' id='word_1_269' title='bbox 812 3021 856 3078; x_wconf 93' lang='lat' dir='ltr'>sol</span> <span class='ocrx_word' id='word_1_270' title='bbox 869 3021 971 3094; x_wconf 87' lang='lat' dir='ltr'>igneus</span> <span class='ocrx_word' id='word_1_271' title='bbox 986 3020 1022 3077; x_wconf 92' lang='lat' dir='ltr'>sit</span> <span class='ocrx_word' id='word_1_272' title='bbox 1034 3021 1127 3079; x_wconf 87' lang='lat' dir='ltr'>Ocea·</span> 
     </span>
     <span class='ocr_line' id='line_1_30' title="bbox 74 3117 1130 3195; baseline -0.003 -17"><span class='ocrx_word' id='word_1_273' title='bbox 74 3123 162 3195; x_wconf 86' lang='lat' dir='ltr'>nique</span> <span class='ocrx_word' id='word_1_274' title='bbox 179 3120 268 3177; x_wconf 85' lang='lat' dir='ltr'>alatur</span> <span class='ocrx_word' id='word_1_275' title='bbox 283 3120 439 3191; x_wconf 88' lang='lat' dir='ltr'>umoribus,</span> <span class='ocrx_word' id='word_1_276' title='bbox 455 3121 522 3195; x_wconf 86' lang='lat' dir='ltr'>quia</span> <span class='ocrx_word' id='word_1_277' title='bbox 537 3120 630 3177; x_wconf 90' lang='lat' dir='ltr'>nullus</span> <span class='ocrx_word' id='word_1_278' title='bbox 652 3120 725 3193; x_wconf 84' lang='lat' dir='ltr'>ignis</span> <span class='ocrx_word' id='word_1_279' title='bbox 741 3119 802 3176; x_wconf 91' lang='lat' dir='ltr'>sine</span> <span class='ocrx_word' id='word_1_280' title='bbox 818 3128 901 3192; x_wconf 86' lang='lat' dir='ltr'>pastu</span> <span class='ocrx_word' id='word_1_281' title='bbox 916 3117 1014 3191; x_wconf 86' lang='lat' dir='ltr'>aliquo</span> <span class='ocrx_word' id='word_1_282' title='bbox 1030 3127 1130 3191; x_wconf 92' lang='lat' dir='ltr'>posset</span> 
     </span>
     <span class='ocr_line' id='line_1_31' title="bbox 75 3213 1164 3292; baseline 0 -17"><span class='ocrx_word' id='word_1_283' title='bbox 75 3236 253 3292; x_wconf 86' lang='lat' dir='ltr'>permanere,</span> <span class='ocrx_word' id='word_1_284' title='bbox 269 3236 389 3274; x_wconf 87' lang='lat' dir='ltr'>necesse</span> <span class='ocrx_word' id='word_1_285' title='bbox 405 3228 448 3274; x_wconf 89' lang='lat' dir='ltr'>est</span> <span class='ocrx_word' id='word_1_286' title='bbox 463 3228 512 3275; x_wconf 90' lang='lat' dir='ltr'>aut</span> <span class='ocrx_word' id='word_1_287' title='bbox 533 3218 560 3275; x_wconf 93' lang='lat' dir='ltr'>ei</span> <span class='ocrx_word' id='word_1_288' title='bbox 581 3217 678 3274; x_wconf 89' lang='lat' dir='ltr'>similis</span> <span class='ocrx_word' id='word_1_289' title='bbox 702 3217 738 3274; x_wconf 91' lang='lat' dir='ltr'>sit</span> <span class='ocrx_word' id='word_1_290' title='bbox 760 3217 828 3291; x_wconf 83' lang='lat' dir='ltr'>igni,</span> <span class='ocrx_word' id='word_1_291' title='bbox 844 3234 932 3291; x_wconf 90' lang='lat' dir='ltr'>quem</span> <span class='ocrx_word' id='word_1_292' title='bbox 955 3213 1129 3273; x_wconf 87' lang='lat' dir='ltr'>adhibemus</span> <span class='ocrx_word' id='word_1_293' title='bbox 1142 3237 1164 3276; x_wconf 83' lang='lat'>³0</span> 
     </span>
     <span class='ocr_line' id='line_1_32' title="bbox 75 3312 1129 3388; baseline -0.001 -17"><span class='ocrx_word' id='word_1_294' title='bbox 75 3315 111 3372; x_wconf 89' lang='lat' dir='ltr'>ad</span> <span class='ocrx_word' id='word_1_295' title='bbox 128 3334 210 3371; x_wconf 84' lang='lat' dir='ltr'>usum</span> <span class='ocrx_word' id='word_1_296' title='bbox 234 3325 320 3387; x_wconf 80' lang='lat' dir='ltr'>atque</span> <span class='ocrx_word' id='word_1_297' title='bbox 335 3315 451 3384; x_wconf 90' lang='lat' dir='ltr'>victum,</span> <span class='ocrx_word' id='word_1_298' title='bbox 467 3324 517 3371; x_wconf 88' lang='lat' dir='ltr'>aut</span> <span class='ocrx_word' id='word_1_299' title='bbox 532 3315 567 3385; x_wconf 88' lang='lat' dir='ltr'>ei,</span> <span class='ocrx_word' id='word_1_300' title='bbox 583 3314 632 3388; x_wconf 92' lang='lat' dir='ltr'>qui</span> <span class='ocrx_word' id='word_1_301' title='bbox 654 3313 823 3388; x_wconf 89' lang='lat' dir='ltr'>corporibus</span> <span class='ocrx_word' id='word_1_302' title='bbox 846 3312 1037 3371; x_wconf 87' lang='lat' dir='ltr'>animantium</span> <span class='ocrx_word' id='word_1_303' title='bbox 1058 3330 1129 3370; x_wconf 90' lang='lat' dir='ltr'>con·</span> 
     </span>
    </p>

    <p class='ocr_par' dir='ltr' id='par_1_7' title="bbox 38 3409 1164 3776">
     <span class='ocr_line' id='line_1_33' title="bbox 38 3409 1129 3485; baseline -0.001 -17"><span class='ocrx_word' id='word_1_304' title='bbox 38 3428 61 3468; x_wconf 76' lang='lat'>41</span> <span class='ocrx_word' id='word_1_305' title='bbox 75 3413 189 3468; x_wconf 89' lang='lat' dir='ltr'>tinetur.</span> <span class='ocrx_word' id='word_1_306' title='bbox 232 3412 319 3485; x_wconf 87' lang='lat' dir='ltr'>Atqui</span> <span class='ocrx_word' id='word_1_307' title='bbox 341 3411 388 3467; x_wconf 85' lang='lat' dir='ltr'>hic</span> <span class='ocrx_word' id='word_1_308' title='bbox 410 3421 507 3468; x_wconf 87' lang='lat' dir='ltr'>noster</span> <span class='ocrx_word' id='word_1_309' title='bbox 528 3412 609 3485; x_wconf 88' lang='lat' dir='ltr'>ignis,</span> <span class='ocrx_word' id='word_1_310' title='bbox 626 3430 713 3485; x_wconf 90' lang='lat' dir='ltr'>quem</span> <span class='ocrx_word' id='word_1_311' title='bbox 737 3429 804 3467; x_wconf 92' lang='lat' dir='ltr'>usus</span> <span class='ocrx_word' id='word_1_312' title='bbox 818 3410 893 3467; x_wconf 85' lang='lat' dir='ltr'>vitae</span> <span class='ocrx_word' id='word_1_313' title='bbox 914 3409 1043 3484; x_wconf 89' lang='lat' dir='ltr'>requirit,</span> <span class='ocrx_word' id='word_1_314' title='bbox 1059 3428 1129 3467; x_wconf 93' lang='lat' dir='ltr'>con·</span> 
     </span>
     <span class='ocr_line' id='line_1_34' title="bbox 76 3507 1130 3582; baseline -0.002 -16"><span class='ocrx_word' id='word_1_315' title='bbox 76 3511 167 3566; x_wconf 84' lang='lat' dir='ltr'>lector</span> <span class='ocrx_word' id='word_1_316' title='bbox 181 3519 224 3566; x_wconf 91' lang='lat' dir='ltr'>est</span> <span class='ocrx_word' id='word_1_317' title='bbox 239 3518 267 3564; x_wconf 89' lang='lat' dir='ltr'>et</span> <span class='ocrx_word' id='word_1_318' title='bbox 282 3519 472 3582; x_wconf 88' lang='lat' dir='ltr'>consumptor</span> <span class='ocrx_word' id='word_1_319' title='bbox 485 3509 625 3577; x_wconf 88' lang='lat' dir='ltr'>omnium,</span> <span class='ocrx_word' id='word_1_320' title='bbox 642 3507 788 3581; x_wconf 90' lang='lat' dir='ltr'>idemque,</span> <span class='ocrx_word' id='word_1_321' title='bbox 805 3525 994 3581; x_wconf 89' lang='lat' dir='ltr'>quocumque</span> <span class='ocrx_word' id='word_1_322' title='bbox 1017 3507 1130 3577; x_wconf 86' lang='lat' dir='ltr'>invasit,</span> 
     </span>
     <span class='ocr_line' id='line_1_35' title="bbox 77 3604 1131 3679; baseline -0.001 -17"><span class='ocrx_word' id='word_1_323' title='bbox 77 3617 182 3662; x_wconf 89' lang='lat' dir='ltr'>cuncta</span> <span class='ocrx_word' id='word_1_324' title='bbox 207 3606 347 3662; x_wconf 82' lang='lat' dir='ltr'>disturbat</span> <span class='ocrx_word' id='word_1_325' title='bbox 371 3624 405 3661; x_wconf 85' lang='lat' dir='ltr'>ac</span> <span class='ocrx_word' id='word_1_326' title='bbox 431 3604 568 3679; x_wconf 79' lang='lat' dir='ltr'>dissiput3</span> <span class='ocrx_word' id='word_1_327' title='bbox 598 3615 699 3661; x_wconf 86' lang='lat' dir='ltr'>contra</span> <span class='ocrx_word' id='word_1_328' title='bbox 721 3604 766 3660; x_wconf 90' lang='lat' dir='ltr'>ille</span> <span class='ocrx_word' id='word_1_329' title='bbox 797 3622 953 3678; x_wconf 90' lang='lat' dir='ltr'>corporeus</span> <span class='ocrx_word' id='word_1_330' title='bbox 981 3605 1075 3662; x_wconf 88' lang='lat' dir='ltr'>vitalis</span> <span class='ocrx_word' id='word_1_331' title='bbox 1102 3613 1131 3661; x_wconf 91' lang='lat' dir='ltr'>et</span> 
     </span>
     <span class='ocr_line' id='line_1_36' title="bbox 76 3701 1164 3776; baseline -0.001 -15"><span class='ocrx_word' id='word_1_332' title='bbox 76 3703 204 3761; x_wconf 88' lang='lat' dir='ltr'>salutaris</span> <span class='ocrx_word' id='word_1_333' title='bbox 226 3703 326 3759; x_wconf 86' lang='lat' dir='ltr'>omnia</span> <span class='ocrx_word' id='word_1_334' title='bbox 346 3711 507 3772; x_wconf 85' lang='lat' dir='ltr'>conservat,</span> <span class='ocrx_word' id='word_1_335' title='bbox 523 3702 579 3772; x_wconf 85' lang='lat' dir='ltr'>alit,</span> <span class='ocrx_word' id='word_1_336' title='bbox 595 3710 689 3776; x_wconf 85' lang='lat' dir='ltr'>auget,</span> <span class='ocrx_word' id='word_1_337' title='bbox 705 3701 826 3758; x_wconf 86' lang='lat' dir='ltr'>sustinet</span> <span class='ocrx_word' id='word_1_338' title='bbox 847 3718 993 3775; x_wconf 89' lang='lat' dir='ltr'>sensuque</span> <span class='ocrx_word' id='word_1_339' title='bbox 1010 3701 1129 3760; x_wconf 64' lang='lat' dir='ltr'>adficit)</span> <span class='ocrx_word' id='word_1_340' title='bbox 1142 3726 1164 3765; x_wconf 75' lang='lat' dir='ltr'>ss</span> 
     </span>
    </p>
   </div>
   <div class='ocr_carea' id='block_1_3' title="bbox 0 0 1236 4102">
    <p class='ocr_par' dir='ltr' id='par_1_8' title="bbox 0 0 1236 4102">
     <span class='ocr_line' id='line_1_37' title="bbox 0 0 1236 4102; baseline 0 0"><span class='ocrx_word' id='word_1_341' title='bbox 0 0 1236 4102; x_wconf 95' lang='lat' dir='ltr'> </span> 
     </span>
    </p>
   </div>
  </div>
 </body>
</html>
