2446 4102
79 261 123 343 98
408 273 457 322 na
478 272 625 323 NATURA
647 271 808 323 DEORUM.

42 440 68 481 oa
120 428 185 486 Alia
208 444 325 502 quoque
353 445 390 484 ex
417 427 537 497 ratione,
560 435 589 483 et
611 425 732 500 quidem
760 426 889 501 physica,
915 446 1024 504 magna
1053 429 1135 488 fluxit

80 524 234 584 multitudo
249 524 379 593 deorum,
395 524 443 597 qui
458 523 550 580 induti
566 524 664 597 specie
680 523 807 580 humana
820 524 931 582 fabulas
949 526 1044 600 poetis
1065 545 1133 601 sup·

80 623 290 698 peditaverunt,
306 620 456 677 homiuum
471 631 568 676 autem
583 621 670 676 vitam
685 621 888 694 superstitione
910 623 992 679 omni
1013 624 1132 681 referse-

80 730 154 778 runt.
196 721 291 792 Atque
314 718 360 774 hie
376 718 456 774 locus
470 735 489 773 a
502 718 621 773 Zenone
644 727 781 775 tractatus
804 727 871 793 post
893 737 912 775 a
935 719 1079 778 Cleanthe
1105 730 1134 779 et

81 817 245 892 Chrysippo
272 815 400 889 pluribus
427 814 522 872 verbis
550 814 709 887 explicatus
738 823 790 872 est.
842 816 921 873 Nam
949 826 1032 874 vetus
1061 817 1164 879 haecs

80 915 180 989 opinio
209 912 362 972 Graeciam
391 911 520 984 opplevit
548 921 698 968 exsectum
723 912 845 970 Caelum
873 931 891 969 a
915 913 975 971 filio
1002 915 1132 986 Saturn0,

42 1021 67 1062 ot
80 1013 207 1068 vinctum
223 1020 319 1066 autem
335 1010 488 1066 Saturnum
509 1008 604 1082 ipsum
619 1026 636 1064 a
650 1008 709 1065 filio
724 1009 804 1067 Iove.
848 1009 972 1085 Physica
985 1012 1058 1069 ratio
1074 1030 1133 1070 non

80 1109 226 1183 inelegans
248 1107 358 1165 inclusa
372 1117 416 1163 est
430 1106 460 1162 in
474 1106 577 1180 impias
598 1105 727 1178 sabulas;
749 1106 908 1165 caelestem
929 1109 1009 1166 enim
1032 1109 1132 1167 altissi-

80 1224 158 1263 mam
186 1204 401 1277 aetheriamque
429 1212 571 1274 naturam,
594 1202 624 1260 id
653 1212 697 1260 est
724 1203 849 1278 igneam,
871 1222 948 1280 quae
981 1223 1035 1281 per
1070 1225 1133 1265 sese

79 1303 178 1360 omnia
198 1302 336 1376 gigneret,
352 1319 454 1358 vacare
468 1300 620 1358 voluerunt
641 1318 677 1357 ea
697 1311 779 1376 parte
804 1303 944 1377 corporis,
963 1321 1039 1378 quae
1064 1322 1172 1362 con-10

37 1399 229 1457 25iuncti0ne
257 1398 371 1455 alterius
400 1408 498 1473 egeret
523 1396 561 1455 ad
589 1397 813 1472 procreandum.
857 1400 1012 1458 Saturnum
1037 1411 1135 1460 autem

80 1514 147 1554 eum
162 1514 224 1553 esse
239 1496 399 1566 voluerunt,
415 1496 464 1570 qui
485 1514 601 1553 cursum
622 1505 651 1552 et
672 1496 895 1554 conversionem
917 1498 1078 1572 spatiorum
1099 1517 1135 1557 ac

79 1603 243 1668 temporum
258 1593 429 1663 contineret,
445 1593 494 1666 qui
508 1591 581 1650 deus
596 1593 710 1651 Graece
727 1591 758 1651 id
779 1594 875 1668 ipsum
896 1612 1006 1653 nomen
1028 1596 1116 1655 habet
1125 1616 1134 1669 ;

80 1690 187 1765 Κρόνος
208 1691 287 1748 enirn
304 1689 417 1761 dicitur,
432 1689 482 1764 qui
504 1698 548 1747 est
570 1688 650 1748 idern
671 1688 778 1766 χρόνος,
794 1689 825 1748 id
847 1699 891 1748 est
913 1692 1041 1766 spatium
1063 1703 1134 1751 tem-

80 1788 167 1862 poris.
209 1789 345 1846 Saturnus
366 1796 464 1843 autem
486 1795 530 1844 est
551 1787 721 1861 appellatus,
736 1787 817 1863 quod
840 1797 1014 1848 saturaretur
1033 1792 1134 1864 annis;
1149 1820 1172 1858 15

80 1902 117 1941 ex
131 1902 161 1941 se
177 1885 255 1942 enim
276 1894 360 1941 natos
381 1902 513 1941 comesse
535 1884 650 1959 fingitur
671 1885 780 1956 solitus
796 1886 865 1960 quia
886 1888 1036 1945 consumit
1057 1899 1135 1947 aetas

80 1989 244 2056 temporum
272 1982 364 2057 spatia
391 1982 531 2056 annisque
558 1982 718 2056 praeteritis
746 1982 967 2041 insaturabiliter
991 1986 1133 2060 expletur,

80 2079 192 2137 vinctus
208 2089 305 2136 autern
328 2098 345 2137 a
368 2081 447 2150 Iove,
463 2097 500 2136 ne
523 2078 720 2137 inmoderatos
738 2097 838 2138 cursus
852 2079 982 2153 haberet,
998 2090 1087 2158 atque
1104 2092 1135 2140 ut

81 2194 148 2234 eum
163 2176 290 2235 siderum
304 2177 404 2234 vinclis
419 2177 555 2251 alligaret.
598 2176 656 2235 Sed
678 2177 740 2251 ipse
756 2178 896 2253 Iuppiter,
912 2178 943 2236 id
958 2188 1003 2237 est
1018 2181 1135 2238 ‘iuvans

80 2284 162 2349 pater
172 2276 188 2346 ’,
204 2293 292 2349 quem
306 2275 452 2332 conversis
467 2275 581 2332 casibus
602 2275 781 2348 appellamus
803 2293 821 2333 a
842 2275 970 2334 iuvando
992 2278 1105 2349 Iovem,
1119 2296 1136 2335 a
1149 2305 1174 2333 ω

81 2372 175 2447 poetis
190 2375 289 2447 ‘pater
300 2372 456 2446 divomque
472 2371 681 2445 hominumque
693 2373 699 2396 '
712 2371 826 2444 dicitur,
838 2391 857 2429 a
866 2373 1024 2432 maioribus
1038 2383 1136 2433 autem

81 2470 185 2526 nostris
201 2473 353 2544 ‘optumus
373 2488 524 2526 maxumus
535 2470 551 2540 ',
567 2478 596 2525 et
611 2468 731 2543 quidem
752 2478 819 2527 ante
841 2472 996 2546 ‘optumus
1008 2473 1025 2544 ’,
1040 2470 1072 2530 id
1093 2481 1137 2530 est

81 2566 368 2637 beneficentissimus,
391 2585 478 2640 quam
502 2567 697 2637 ‘maxumus’,
721 2566 789 2641 quia
813 2567 905 2625 maius
930 2576 974 2626 est
998 2578 1135 2644 certeque

81 2664 186 2738 gratius
211 2662 350 2738 prodesse
375 2663 509 2721 omnibus
534 2681 621 2736 quam
646 2681 718 2737 opes
742 2683 862 2739 magnas
887 2665 1135 2724 habere—hune

44 2774 69 2814 eo
82 2760 166 2835 igitur
181 2761 300 2833 Ennius,
316 2771 448 2835 utsupra
463 2760 531 2831 dixi,
547 2770 696 2835 nuncupat
711 2760 751 2820 ita
765 2761 885 2821 dicens:
1148 2791 1172 2831 ις

161 2905 295 2998 Aspice
324 2922 391 2979 hoc
424 2922 580 2979 sublime
613 2921 792 2995 candens,
821 2942 926 2999 quem
958 2927 1136 2984 invocant

723 3024 848 3078 omnes
877 3022 1013 3095 Iovem,

81 3153 193 3229 planius
217 3171 304 3227 quam
326 3151 382 3210 alio
404 3152 471 3209 loeo
493 3149 591 3209 idem:

163 3302 243 3371 Cul,
274 3298 370 3374 quod
403 3299 438 3356 in
472 3316 525 3355 me
561 3308 629 3371 est,
663 3299 885 3358 exsecrabor
917 3299 1001 3374 hoc,
1036 3301 1135 3378 quod

596 3396 709 3467 lucet,
732 3396 911 3472 quicquid
933 3407 1013 3472 est3
1150 3432 1175 3471 30

82 3548 160 3606 hunc
175 3546 262 3604 etiarn
277 3562 397 3619 augures
411 3543 509 3614 nostri,
522 3561 590 3601 cum
601 3543 703 3601 dicunt
718 3547 725 3574 ‘
738 3546 808 3602 Iove
823 3544 960 3620 fulgente,
974 3553 1096 3604 tonante
1107 3547 1134 3619 ’;

82 3645 183 3703 dicunt
211 3643 289 3700 enim
318 3641 417 3698 ‘caelo
446 3641 580 3714 fulgente,
606 3642 751 3700 tonante’.
794 3640 949 3716 Euripides
970 3652 1079 3717 autem,
1103 3652 1136 3701 ut

83 3742 173 3801 multa
193 3738 349 3817 praeclare,
365 3738 407 3796 sic
428 3737 486 3795 hoc
507 3737 648 3796 breviter:
