2446 4102
93 280 134 361 36
418 295 467 343 ΒΕ
488 295 633 344 NATURA
655 294 815 344 DEORUM.

52 462 78 504 12
90 451 166 526 phos
180 460 209 508 et
223 468 277 525 pro
292 450 427 508 omnibus
449 448 557 506 dicere.
600 448 690 506 Cuius
711 449 753 505 rei
769 457 867 507 tantae
881 457 1001 525 tamque
1016 449 1143 510 difficilis

55 583 71 606 κ
90 548 257 606 facultatem
280 557 473 604 consecutum
498 563 561 602 esse
590 564 637 603 me
665 564 726 603 nou
750 547 897 620 profiteor,
921 558 1055 604 secutum
1079 566 1143 607 esse

90 663 159 721 prae
182 663 230 702 me
256 645 325 701 fer0.
369 645 434 700 Nec
462 652 561 700 tamen
590 643 651 700 ficri
678 652 784 718 potest,
809 652 850 715 ut,
876 645 925 717 qui
951 644 1006 701 hac
1030 646 1142 703 ratione

90 743 340 819 philosophentur,
361 741 380 798 ii
402 740 472 797 nihil
493 740 629 812 habeant,
644 739 726 814 quod
747 751 912 815 sequautur.
955 743 1076 799 Dictum
1099 752 1144 800 est

90 839 271 898 omninode
300 839 355 895 hac
383 856 413 895 re
442 838 498 895 alio
526 838 593 894 loco
615 837 789 912 diligentius
811 836 873 909 sed,
895 838 964 912 quia
987 839 1074 896 nimis
1100 840 1174 897 in-⁵

54 932 66 949 ⁸
90 938 201 996 dociles
228 936 348 1011 quidam
376 935 510 1010 tardique
542 943 617 1006 suut,
646 934 827 992 admonendi
854 935 989 993 videntur
1016 937 1143 1011 saepius.

91 1037 161 1093 Non
181 1036 259 1092 enim
281 1053 380 1091 sumus
401 1034 429 1104 ii,
452 1033 557 1107 quibus
582 1031 654 1090 nihil
674 1050 775 1089 verum
798 1051 862 1090 esse
883 1032 1024 1104 videatur,
1041 1015 1097 1092 sed
1113 1035 1143 1107 ii,

90 1133 140 1208 qui
161 1133 296 1190 omnibus
311 1131 384 1189 veris
406 1131 476 1187 falsa
496 1129 643 1205 quaedam
664 1128 803 1187 adiuncta
824 1149 887 1188 esse
909 1129 1041 1188 dicamus
1062 1141 1145 1189 tanta

90 1228 286 1300 similitudine,
302 1237 334 1285 ut
347 1229 378 1285 in
392 1229 425 1286 iis
447 1228 525 1285 nulla
545 1228 613 1285 insit
634 1237 713 1284 certa
733 1227 882 1285 iudicandi
904 1237 933 1285 et
957 1227 1144 1287 adsentiendi

89 1337 168 1385 nota.
212 1329 258 1384 Ex
274 1345 334 1401 quo
352 1326 460 1383 exstitit
480 1324 560 1396 illud,
575 1326 666 1383 multa
679 1344 743 1384 esse
758 1326 927 1401 probabilia,
942 1344 1017 1400 quae
1040 1345 1180 1402 quam-10

91 1444 179 1501 quam
192 1443 253 1482 non
274 1425 500 1499 perciperentur,
516 1433 624 1495 tamen,
639 1425 708 1498 quia
721 1424 815 1481 visum
837 1423 986 1499 quendam
1001 1425 1146 1484 haberent

90 1524 277 1598 insignemet
291 1523 449 1592 inlustrem,
464 1522 498 1579 iis
513 1522 651 1596 sapientis
665 1522 725 1578 vita
738 1531 893 1597 regeretur.

52 1603 77 1711 ,⁶3
132 1620 191 1678 sed
205 1620 272 1691 ram,
287 1629 319 1678 ur
340 1619 420 1676 omni
440 1637 489 1676 me
510 1618 620 1676 invida
639 1618 768 1691 ruerem,
784 1637 894 1694 ponam
915 1620 945 1678 in
962 1619 1142 1679 meuoeen-

90 1718 193 1774 tentias
214 1717 457 1792 philosophorum
478 1715 516 1773 de
541 1726 644 1773 natura
667 1716 800 1775 deorum.
843 1718 911 1791 Quo
933 1714 1054 1792 quidem
1076 1721 1144 1778 loco

91 1814 274 1872 convocandi
289 1832 393 1872 omnes
407 1812 550 1884 videntur,
566 1814 625 1889 qui,
640 1831 716 1888 quae
738 1816 774 1873 sit
795 1833 894 1872 earum
908 1835 985 1888 vera,
1000 1816 1141 1876 iudicent.
1156 1835 1178 1874 τε

90 1920 167 1976 Tum
189 1919 308 1976 demum
330 1917 401 1975 mihi
421 1935 531 1992 procax
552 1917 715 1975 Academia
731 1917 884 1991 videbitur,
902 1920 925 1977 si
946 1929 996 1977 aut
1017 1906 1142 1979 consen·

91 2017 178 2074 serint
203 2033 316 2085 omnes,
342 2024 391 2071 aut
417 2015 469 2072 erit
494 2015 628 2072 iuventus
655 2016 766 2090 aliquis,
793 2010 852 2090 qui,
877 2016 948 2091 quid
970 2010 1073 2075 verum
1097 2019 1142 2092 sit,

90 2113 240 2170 invenerit.
285 2115 388 2186 Itaque
403 2111 475 2169 mihi
488 2112 559 2170 libet
575 2113 747 2186 exclamare,
762 2122 794 2170 ut
808 2114 892 2170 estin
907 2114 1108 2190 Synephebis:

169 2282 236 2338 Pro
262 2280 381 2353 deum,
403 2279 639 2356 popularium
664 2280 835 2351 omnium,
859 2281 989 2338 bmnium
1013 2280 1141 2341 adule-

732 2376 914 2434 scentium
1033 2402 1055 2427 «ι
1156 2401 1181 2429 ω

172 2474 313 2544 Claiuo,
336 2473 501 2548 postulo,
524 2473 695 2544 obsecro,
717 2490 795 2544 oro,
817 2473 922 2546 ploro
951 2482 1062 2553 atque
1091 2472 1143 2532 in·

733 2569 837 2643 ploro
859 2568 984 2642 sidem,
1040 2576 1045 2631 ἶ

91 2757 152 2797 non
166 2739 321 2795 levissuma
336 2736 373 2793 de
390 2754 430 2808 re,
446 2744 478 2792 ut
495 2735 623 2808 queritur
638 2734 683 2791 ille
700 2733 750 2790 ‘in
772 2733 926 2791 civitate
948 2734 1142 2824 fierilfaci-

91 2855 179 2894 nora
201 2835 415 2909 capitalia':

173 3001 215 3059 ab
241 2999 357 3056 amico
383 3007 524 3055 amante
553 3005 743 3072 argentum
768 2997 941 3072 accipere
966 3000 1180 3066 meretrix25

420 3084 435 3094 “
734 3113 806 3151 non
826 3095 911 3167 vult,

54 3293 78 3334 14
92 3282 145 3340 sed
169 3291 200 3339 ut
225 3279 329 3350 adsint,
356 3286 545 3353 cognoscant,
571 3276 809 3351 animadvertant,
833 3277 904 3351 quid
928 3277 966 3336 de
991 3278 1140 3354 religione,

91 3381 208 3455 pietate,
225 3378 385 3447 sanctitate,
401 3375 593 3445 caerimoniis,
609 3374 677 3445 fide,
693 3375 753 3431 iure
771 3374 904 3446 iurando,
920 3375 992 3449 quid
1010 3375 1048 3432 de
1061 3386 1141 3455 tem·

92 3477 154 3551 plis,
175 3475 301 3533 delubris
320 3473 524 3546 sacrificiisque
544 3471 740 3542 sollemnibus,
761 3471 832 3545 quid
850 3471 888 3528 de
908 3473 976 3546 ipsis
994 3474 1141 3549 auspiciiS,

92 3574 197 3649 quibus
218 3591 271 3629 nos
291 3589 469 3646 praesumus,
485 3568 709 3626 existimandum
727 3569 782 3640 sit;
804 3569 877 3625 haec
896 3569 975 3626 enim
989 3571 1090 3628 omnia
1103 3571 1142 3630 ad
1156 3604 1181 3642 ,ο

93 3671 169 3728 hanc
190 3670 227 3727 de
250 3669 293 3726 dis
332 3667 530 3725 inmortalibus
556 3666 758 3740 quaestionem
778 3666 931 3724 referenda
953 3676 1027 3724 sunt.
1072 3669 1140 3726 Pro-

92 3769 170 3826 fecto
190 3786 241 3824 eos
266 3767 353 3841 ipsos
370 3764 420 3838 qui
442 3782 472 3821 se
496 3761 605 3838 aliquid
630 3762 701 3820 certi
722 3762 829 3819 habere
852 3763 1032 3836 arbitrantur,
1047 3764 1141 3825 addu-
