2446 4102
111 212 155 276 60
439 230 488 279 nn
509 231 655 282 uarum
679 232 838 284 pronun.

110 382 210 440 hortus
225 381 325 440 habuit
345 383 488 441 licentiae.
532 387 570 442 Et
590 386 688 443 soletis
709 387 809 460 queri;
831 388 911 445 Zeno
932 387 1055 462 quidem
1077 389 1165 448 etiam

110 479 246 554 litigabat.
290 480 369 553 Quid
385 480 481 538 dicam
496 483 673 540 Albucium?
715 484 793 540 Nam
808 483 942 542 Phaedro
957 486 1029 542 nihil
1048 487 1164 562 elegan-

110 579 175 649 tiuS,
197 576 267 634 nihil
289 576 462 650 humanius,
488 579 541 637 sed
563 580 800 639 stomachabatur
820 600 918 653 senex,
941 583 965 639 si
986 584 1059 657 quid
1081 603 1164 660 aspe-

109 676 167 733 rius
195 675 335 745 dixeram,
360 693 428 732 cum
457 677 601 750 Epicurus
629 678 814 736 Aristotelem
838 680 948 737 vexarit
969 683 1163 740 contumelio·

109 774 230 845 sissime,
247 772 398 831 Phaedoni
420 774 569 832 Socratico
591 776 754 849 turpissime
769 776 845 832 male
860 775 973 848 dixerit,
989 779 1163 853 Metrodori,
1182 799 1193 838 ⁵

109 871 215 929 sodalis
230 873 282 942 sui,
298 871 423 942 fratrem,
437 871 635 943 Timocraten,
650 873 718 947 quia
731 874 831 931 nescio
846 873 918 948 quid
932 875 962 931 in
976 875 1165 952 philosophia

109 968 281 1040 dissentiret,
297 969 363 1026 totis
378 968 573 1026 voluminibus
592 964 761 1041 conciderit,
776 971 807 1028 in
829 972 1034 1030 Democritum
1056 975 1162 1049 ipsum,

108 1084 198 1141 quem
229 1076 345 1123 secutus
376 1075 428 1137 est,
457 1065 541 1122 suerit
574 1066 709 1140 ingratus,
739 1067 960 1142 Nausiphanen,
992 1071 1163 1145 magistrum

64 1169 202 1234 84suum,
225 1182 243 1220 a
265 1181 324 1237 quo
348 1182 406 1220 non
429 1162 500 1219 nihil
523 1161 674 1234 didicerat,
699 1172 759 1221 tam
783 1165 858 1222 male
881 1167 1039 1240 acceperit.
1082 1170 1163 1227 Zeno

108 1260 228 1335 quidem
252 1279 311 1317 non
334 1278 385 1317 eos
408 1260 511 1330 solum,
535 1259 584 1334 qui
608 1268 670 1316 tum
696 1270 786 1332 erant,
811 1262 1035 1336 Apollodorum,
1062 1265 1198 1338 Silum,1o

108 1365 230 1429 ceteros,
253 1358 360 1432 figebat
382 1356 552 1429 maledictis,
568 1356 621 1414 sed
643 1358 782 1415 Socraten
803 1359 908 1434 ipsum,
923 1371 1077 1435 parentem
1098 1363 1161 1438 phi·

107 1455 266 1529 losophiae,
283 1454 386 1511 Latino
409 1454 498 1511 verbo
519 1464 603 1512 utens
625 1473 752 1512 scurram
773 1456 902 1513 Atticum
923 1457 1011 1515 fuisse
1034 1458 1162 1533 dicebat,

69 1561 94 1602 94
109 1553 304 1627 Chrysippum
319 1570 479 1627 numquam
493 1551 548 1609 nisi
563 1551 756 1627 Chrysippam
770 1554 913 1626 vocabat,
935 1563 966 1611 tu
988 1555 1052 1631 ipse
1074 1558 1161 1633 paulo

107 1661 174 1707 ante
191 1669 259 1706 cum
280 1659 429 1724 tamquam
451 1659 584 1707 senatum
605 1649 847 1724 philosophorum
867 1651 1013 1724 recitares,
1030 1671 1160 1714 summos

106 1749 181 1804 viros
209 1747 351 1821 desipere,
377 1746 506 1818 delirare,
535 1745 679 1804 dementis
708 1764 772 1804 esse
800 1746 928 1806 dicebas.
972 1749 1109 1823 Quorum
1136 1753 1160 1810 si
1172 1779 1194 1818 ιε

106 1863 194 1902 nemo
209 1863 308 1901 verum
323 1843 395 1902 vidit
409 1844 447 1902 de
462 1853 563 1902 natura
577 1843 710 1916 deorum,
725 1845 886 1903 verendum
901 1856 954 1918 est,
969 1865 1007 1905 ne
1029 1849 1109 1907 nulla
1125 1851 1161 1908 sit

106 1943 236 1999 omnino.
278 1943 356 1999 Nam
378 1942 440 2013 ista,
463 1960 538 2016 quae
559 1961 611 1999 vos
633 1941 738 2014 dicitis,
762 1952 830 2000 sunt
854 1951 916 2001 tota
940 1947 1159 2020 commenticia,

104 2040 153 2097 vix
177 2039 265 2113 digna
289 2040 488 2097 lucubratione
512 2040 690 2097 anicularum
701 2059 710 2112 3
738 2058 799 2097 non
822 2041 901 2098 enim
922 2042 1044 2116 sentitis,
1071 2063 1161 2120 quam
1204 2088 1210 2101 .

105 2137 196 2194 multa
219 2137 301 2194 vobis
329 2135 515 2211 suscipienda
542 2137 606 2208 sint,
632 2138 655 2194 si
683 2137 865 2212 inpetraritis,
894 2148 926 2196 ut
957 2140 1159 2202 concedamus

105 2235 231 2292 eandem
253 2234 404 2291 hominum
430 2252 492 2290 esse
518 2242 547 2290 et
570 2233 692 2291 deorum
714 2235 844 2310 figuram.
888 2236 992 2296 Omnis
1014 2239 1108 2297 cultus
1130 2250 1195 2299 etm

105 2333 215 2390 curatio
243 2332 372 2406 corporis
403 2332 455 2388 erit
483 2330 586 2388 eadem
616 2326 784 2390 adhibenda
812 2332 879 2406 deo,
904 2353 978 2409 quae
1004 2335 1161 2396 adhibetur

105 2430 225 2501 homini,
247 2431 400 2504 ingressus,
422 2447 530 2499 cursus
553 2429 708 2500 accubitio,
731 2431 888 2503 inclinatio,
910 2432 1011 2505 sessi0,
1034 2453 1158 2510 conpre-

66 2541 91 2580 95
105 2528 215 2598 hensio,
241 2527 279 2584 ad
305 2536 466 2584 extremum
491 2527 578 2583 etiam
604 2545 698 2584 sermo
724 2538 752 2584 et
781 2530 872 2586 oratio
884 2550 892 2602 3
920 2548 989 2587 nam
1018 2532 1102 2606 quod
1130 2542 1159 2591 et

103 2626 188 2683 maris
217 2625 289 2682 deos
319 2633 348 2681 et
378 2625 498 2681 feminas
529 2642 592 2681 esse
629 2623 732 2698 dicitis,
762 2625 833 2700 quid
868 2636 1013 2701 sequatur,
1042 2629 1157 2690 videtis.

104 2722 251 2797 Equidem
280 2721 374 2778 mirari
402 2722 469 2778 satis
494 2740 554 2778 non
576 2740 706 2796 possum,
732 2721 810 2780 unde
839 2723 877 2780 ad
905 2724 972 2782 istas
1001 2725 1157 2800 opiniones
1170 2749 1192 2788 πε

101 2831 197 2878 vester
220 2820 266 2876 ille
291 2819 426 2894 princeps
451 2820 570 2878 venerit.
612 2817 671 2877 Sed
698 2818 822 2878 clamare
851 2840 911 2879 non
934 2822 1066 2882 desinitis
1090 2825 1157 2883 reti·

102 2916 232 2974 nendum
261 2916 318 2974 hoc
344 2934 416 2988 esse,
442 2915 514 2974 deus
542 2926 574 2974 ut
601 2917 703 2974 beatus
731 2917 948 2993 inmortalisque
977 2919 1022 2978 sit.
1076 2921 1157 2996 Quid

103 3025 202 3072 autem
216 3017 320 3086 obstat,
336 3032 395 3088 quo
414 3015 509 3071 minus
531 3015 566 3072 sit
586 3014 697 3086 beatuS,
713 3016 736 3073 si
757 3033 818 3072 non
839 3016 875 3074 sit
895 3016 1000 3091 bipes?
1020 3028 1072 3076 aut
1092 3019 1155 3093 ista,

103 3112 161 3169 sive
190 3113 311 3170 beatitas
340 3113 398 3169 sive
426 3110 578 3170 beatitudo
606 3110 735 3170 dicenda
762 3123 805 3171 est
834 3113 1004 3190 (utrumque
1032 3117 1156 3175 omnino

102 3208 216 3281 durum,
239 3208 292 3267 sed
313 3229 366 3268 usu
387 3208 546 3268 mollienda
566 3209 650 3267 nobis
663 3210 753 3267 verba
772 3209 868 3286 sunt),
882 3229 984 3269 verum
1006 3230 1049 3284 ea,
1065 3231 1155 3288 quae·
1168 3233 1191 3271 ³0

101 3325 229 3381 cumque
244 3316 296 3379 est,
313 3326 364 3364 cur
383 3316 432 3364 aut
453 3307 482 3364 in
504 3307 595 3364 solem
617 3307 696 3365 illum
717 3316 766 3365 aut
788 3309 817 3365 in
838 3307 917 3366 hunc
939 3309 1083 3368 mundum
1105 3321 1156 3370 aut

101 3404 131 3462 in
154 3405 279 3478 aliquam
303 3415 432 3463 mentem
455 3414 602 3462 aeternam
624 3405 716 3479 figura
735 3405 932 3480 membrisque
954 3409 1085 3482 corporis
1105 3428 1154 3468 va·

63 3514 89 3556 at
102 3521 188 3559 cuam
206 3501 311 3560 cadere
332 3521 392 3560 non
413 3504 531 3578 potest?
572 3502 652 3560 Nihil
672 3501 751 3560 aliud
773 3503 846 3561 dicis
867 3504 939 3562 nisi:
963 3505 1156 3581 ‘Numquam

100 3598 160 3657 vidi
188 3598 280 3657 solem
307 3608 358 3657 aut
385 3599 529 3658 mundum
557 3599 694 3658 beatum’
738 3600 840 3674 Quid?
866 3600 1009 3660 mundum
1039 3614 1156 3678 praeter

100 3693 109 3716 ¹
152 3714 180 3740 ψ
203 3711 382 3775 umquamne
406 3694 523 3757 vidisti?
560 3694 698 3769 Negabis.
742 3697 802 3756 Cur
825 3697 910 3773 igitur
933 3715 994 3758 non
1018 3710 1189 3760 sescentas
