2446 4102
102 232 142 297 32
426 234 474 284 on
495 233 640 285 urruns
664 233 823 287 uuonan.

99 383 260 440 differences
273 403 375 458 among
388 386 435 441 the
452 387 534 458 gods,
549 387 584 440 he
602 395 675 440 must
695 387 764 441 have
784 387 924 442 conceded
945 386 1022 442 these
1042 388 1109 460 only
1120 405 1151 445 as

99 479 149 524 not
168 471 328 541 impossible
349 473 404 526 and
424 473 639 536 inconceivable‚
660 473 709 527 but
729 474 860 544 certainly
873 475 907 527 he
927 474 975 528 did
994 484 1044 529 not
1063 486 1152 531 assert

98 558 173 611 them
188 567 216 612 to
230 559 264 613 be
278 560 390 613 certain.
430 561 490 614 The
510 560 649 630 objection
662 561 751 614 which
770 562 853 615 Cotta
872 562 965 614 makes
986 570 1015 615 to
1028 563 1151 617 Velleius

101 646 246 716 (82-100),
262 647 321 700 that
344 647 398 699 this
414 664 445 700 or
458 648 517 700 that
536 647 611 717 deity
623 648 722 717 always
744 648 891 717 presented
912 648 1025 702 himself
1043 658 1072 703 to
1093 649 1150 703 him

97 733 185 785 under
196 750 213 786 a
225 733 336 786 definite
356 733 425 786 form
437 734 493 786 and
506 733 570 786 with
584 733 695 787 definite
714 734 867 798 attributes
882 734 971 805 might
989 735 1058 788 have
1078 735 1150 790 been

97 820 182 890 easily
194 821 335 874 answered
347 821 385 891 by
397 821 495 891 saying
508 821 567 874 that
579 821 614 873 all
627 820 682 874 this
695 820 784 891 might
796 820 828 874 of
836 837 932 874 course
945 829 1057 889 present
1069 822 1148 877 itself

97 915 126 960 to
140 906 182 960 his
201 907 295 974 mind;
314 907 365 961 but
383 908 404 962 it
417 925 472 960 was
493 908 558 977 only
571 907 617 961 the
637 908 722 960 result
741 906 773 960 of
787 907 883 978 seeing
904 924 985 978 every
998 908 1052 978 day
1064 909 1150 964 about

97 993 154 1046 him
176 1003 280 1048 statues
301 994 357 1048 and
376 995 496 1063 pictures
509 994 598 1048 which
620 994 720 1063 passed
740 993 782 1047 for
801 994 1033 1062 representations
1055 995 1088 1050 of
1103 997 1149 1051 the

95 1081 176 1150 gods,
190 1081 240 1135 but
252 1081 340 1134 which
360 1081 394 1134 he
414 1081 527 1135 himself
541 1099 596 1135 was
618 1081 658 1135 far
678 1081 747 1135 from
769 1081 945 1152 considering
964 1098 994 1134 as
1014 1082 1151 1155 anything

96 1185 171 1222 more
185 1168 252 1222 than
264 1169 383 1236 pictures
396 1168 428 1221 of
436 1168 526 1240 fancy,
541 1168 630 1223 which
642 1169 698 1222 had
711 1186 747 1224 no
760 1168 840 1222 claim
853 1168 990 1222 whatever
1002 1177 1031 1223 to
1045 1170 1129 1224 truth.

60 1868 76 1924 1
171 1872 236 1931 UM
261 1871 369 1928 multae
396 1887 441 1927 res
471 1869 501 1926 in
528 1868 714 1949 philosophia
737 1887 924 1944 nequaquam
954 1870 1022 1929 satis
1047 1870 1147 1930 adhuc

63 1936 75 1976 ¹
200 1968 360 2043 explicatae
382 1968 447 2038 sint,
463 1974 525 2024 tum
545 1965 732 2040 perdifficilis,
753 1968 850 2039 Brute,
871 1967 952 2042 quod
973 1978 1004 2026 tu
1024 1969 1145 2027 minime

94 2069 218 2142 ignoras,
244 2074 273 2122 et
295 2064 472 2140 perobscura
496 2064 628 2137 quaestio
654 2072 698 2120 est
723 2062 760 2121 de
785 2073 887 2121 natura
912 2063 1044 2137 deorum,
1069 2084 1145 2141 quae

95 2175 124 2222 et
148 2164 186 2222 ad
214 2163 393 2238 agnitionem
415 2161 504 2218 animi
528 2160 722 2236 pulcherrima
747 2171 790 2218 est
815 2171 845 2219 et
869 2161 908 2219 ad
929 2161 1146 2222 moderandam

93 2263 263 2336 religionem
291 2258 463 2317 necessaria.
506 2260 553 2316 De
582 2277 640 2333 qua
661 2269 719 2316 tarn
745 2259 839 2317 variae
868 2270 935 2317 sunt
960 2258 1144 2320 doctissimo·
1170 2278 1181 2319 s

93 2379 157 2417 rum
175 2357 329 2427 hominurn
350 2365 469 2430 tamque
485 2356 684 2430 discrepantes
705 2357 877 2429 sententiae,
894 2366 924 2415 ut
938 2377 1046 2433 magno
1061 2377 1145 2434 argu-

93 2467 195 2515 mento
219 2473 283 2513 esse
308 2454 416 2513 debeat
444 2473 563 2511 causam
591 2464 621 2511 et
648 2454 823 2529 principium
851 2453 1053 2530 philosophiae
1079 2474 1145 2515 esse

93 2555 284 2624 inscientiam,
299 2552 516 2628 prudenterque
538 2551 734 2609 Academicos
755 2570 773 2609 a
792 2553 878 2610 rebus
899 2553 1015 2610 incertis
1038 2552 1143 2612 adsen-

94 2648 206 2705 sionem
219 2645 393 2704 cohibuisse.
437 2643 517 2717 Quid
532 2654 576 2701 est
590 2644 669 2702 enirn
683 2644 844 2701 temeritate
859 2645 991 2719 turpius?
1011 2655 1060 2702 aut
1072 2645 1144 2720 quid

93 2755 152 2802 tarn
167 2744 352 2802 temerarium
366 2752 485 2816 tamque
500 2740 653 2816 indignum
668 2741 806 2815 sapientis
820 2742 957 2817 gravitate
972 2751 1060 2817 atque
1073 2761 1143 2802 con·
1158 2765 1181 2793 ιο

93 2843 197 2900 stantia
217 2859 306 2916 quam
326 2849 376 2897 aut
397 2840 500 2896 salsum
521 2840 626 2896 sentire
648 2848 706 2910 aut,
722 2838 804 2914 quod
824 2857 885 2897 non
907 2841 974 2898 satis
996 2841 1144 2916 explorate

92 2949 266 3015 perceptum
286 2939 322 2996 sit
350 2948 379 2995 et
407 2937 567 3012 cognitum,
590 2937 652 2995 sine
680 2937 738 2994 ulla
759 2936 940 2995 dubitatione
963 2936 1145 2998 defendere?

61 3056 72 3095 a
92 3039 180 3095 Velut
194 3038 224 3094 in
245 3037 301 3093 hac
316 3036 485 3110 quaestione
507 3034 647 3110 plerique,
663 3033 745 3110 quod
767 3035 892 3093 maxime
907 3035 967 3093 veri
982 3036 1073 3094 simile
1090 3047 1142 3110 est,

92 3145 122 3192 et
136 3153 195 3210 quo
216 3152 319 3192 omnes
340 3133 417 3191 duce
438 3142 541 3189 natura
561 3133 703 3204 venimus,
719 3132 791 3190 deos
814 3151 877 3191 esse
897 3132 1041 3205 dixerunt,
1057 3134 1142 3193 dubi·

91 3242 151 3289 tare
180 3249 210 3289 se
240 3233 418 3306 Protagoras,
444 3230 538 3288 nullos
566 3249 629 3288 esse
658 3230 779 3288 omnino
808 3230 950 3305 Diagoras
978 3231 1086 3289 Melius
1113 3241 1142 3290 et
1155 3252 1179 3292 ις

91 3329 265 3387 Theodorus
287 3329 463 3404 Cyrenaicus
484 3338 666 3404 putaverunt.
710 3329 769 3402 Qui
790 3346 860 3386 vero
882 3328 954 3386 deos
976 3346 1039 3386 esse
1058 3327 1139 3387 dixe-

91 3437 166 3498 runt,
181 3436 261 3484 tanta
274 3435 341 3484 sunt
359 3427 389 3484 in
403 3427 540 3484 varietate
553 3437 582 3484 et
603 3426 794 3498 dissensione,
809 3437 841 3484 ut
862 3445 964 3484 eorum
985 3425 1142 3485 molestum

91 3526 127 3582 sit
150 3524 332 3582 dinumerare
355 3525 523 3582 sententias,
566 3524 645 3582 Nam
669 3534 699 3582 et
724 3523 761 3582 de
783 3524 880 3600 figuris
903 3524 1026 3583 deorum
1048 3535 1078 3582 et
1102 3524 1141 3583 de

90 3623 162 3680 locis
184 3631 271 3696 atque
293 3620 410 3680 sedibus
432 3631 461 3678 et
482 3621 598 3678 actione
615 3622 691 3680 vitae
712 3621 803 3679 multa
822 3621 967 3695 dicuntur,
984 3621 1081 3697 deque
1097 3622 1141 3682 his

91 3738 206 3779 summa
226 3719 468 3796 philosophorum
489 3717 670 3778 dissensione
692 3728 818 3776 certatur
828 3740 836 3792 ς
858 3719 940 3795 quod
959 3737 1028 3778 vero
1049 3720 1139 3780 maxi·
1154 3747 1180 3777 ω
