2446 4102
118 246 177 326 138
442 256 658 309 partarum
681 254 841 310 pronun.

114 418 137 475 si
159 416 230 490 quid
253 415 398 489 explanari
421 414 472 471 tibi
494 414 582 484 voles,
597 412 776 488 respondere
798 413 875 471 malo
886 434 895 486 ;
917 413 962 472 sin
977 432 1025 471 me
1047 414 1162 473 interro

113 533 180 589 gare
202 531 262 570 non
284 523 343 568 tarn
365 511 553 585 intellegendi
575 529 663 568 causa
683 529 772 585 quam
790 510 950 582 refellendi,
966 522 1064 569 utrum
1078 513 1164 584 voles,

113 612 227 682 faciam,
249 610 295 667 vel
316 610 354 666 ad
376 608 496 683 singula,
519 626 594 683 quac
621 609 758 683 requires,
781 608 877 666 statim
902 609 1091 684 respondebo
1112 611 1164 682 vel,

87 724 181 765 tcum
197 709 347 783 peroraris,
363 707 400 764 ad
416 706 524 764 omnia.
559 706 637 763 Tum
653 705 758 763 Cotta:
783 705 912 780 Optime,
928 707 1032 780 inquit.
1069 708 1164 782 Quam

83 806 152 863 aob
173 824 236 862 rem
256 805 298 861 sic
320 822 448 878 agamus,
464 813 495 860 ut
517 821 571 860 nos
592 803 656 877 ipsa
673 802 762 859 ducet
777 803 877 859 oratio
921 803 981 861 Sed
995 813 1063 861 ante
1079 823 1165 879 quam
1183 829 1192 867 s

113 902 151 959 de
165 920 205 972 re,
221 919 317 977 pauca
331 901 368 958 de
384 918 440 958 me.
481 901 551 957 Non
565 900 644 956 enim
659 899 846 957 mediocriter
859 919 981 959 moveor
995 903 1164 960 auctoritate

113 1009 172 1070 tua,
188 999 287 1068 Balbe,
304 998 493 1072 orationeque
509 1015 552 1068 ea,
568 1014 643 1072 quae
658 1015 706 1053 me
721 997 751 1053 in
766 997 931 1072 perorando
950 999 1163 1071 cohortabatur,

113 1108 145 1153 ut
167 1095 364 1153 meminissem
390 1112 437 1151 me
463 1104 492 1151 et
514 1094 632 1152 Cottam
655 1111 718 1151 esse
743 1104 772 1151 et
794 1094 985 1168 pontificem,
1015 1096 1097 1171 quod
1119 1115 1164 1168 eu,

113 1193 212 1264 credo,
228 1193 350 1264 valebat,
367 1201 399 1249 ut
413 1192 576 1266 opiniones,
592 1210 663 1266 quas
678 1210 696 1248 a
709 1191 867 1249 maioribus
881 1193 1053 1268 accepimus
1068 1192 1106 1251 de
1121 1194 1164 1252 dis

113 1290 320 1359 inmortalibus,
332 1308 423 1360 sacra,
436 1289 626 1346 caerimonias
640 1289 853 1363 religionesque
869 1288 1070 1348 defenderem.
1102 1292 1165 1366 Ego
1178 1319 1200 1345 ιο

112 1406 181 1444 vero
203 1406 251 1444 eas
273 1386 432 1443 delendam
453 1403 569 1460 semper
589 1402 765 1459 semperque
787 1385 916 1456 defendi,
932 1404 989 1443 nec
1011 1406 1059 1445 me
1078 1406 1115 1445 ex
1131 1406 1166 1445 ea

113 1487 262 1559 opinione,
278 1503 366 1559 quam
383 1503 401 1540 a
418 1484 574 1541 maioribus
596 1484 699 1557 accepi
720 1482 758 1540 de
781 1483 859 1540 cultu
881 1481 1006 1541 deorum
1028 1485 1164 1543 inmorta-

112 1582 190 1652 lium,
207 1582 289 1639 ullius
304 1599 444 1655 umquam
458 1581 550 1638 oratio
565 1590 614 1638 aut
629 1579 709 1637 docti
728 1591 778 1637 aut
795 1579 907 1637 indocti
924 1582 1064 1640 movebit.
1107 1582 1165 1642 Sed

113 1698 180 1736 cum
215 1678 252 1735 de
288 1677 426 1752 religione
462 1679 562 1752 agitur,
597 1678 641 1734 Ti.
672 1677 898 1747 Coruncanium,
929 1679 960 1736 P.
987 1679 1164 1754 Scipionem,

113 1778 144 1833 P.
160 1776 340 1847 Scaevolam,
355 1774 510 1849 pontifices
525 1775 676 1845 maximOS,
691 1793 752 1831 non
769 1776 920 1831 Zenonem
934 1785 985 1832 aut
1000 1776 1163 1835 Cleanthen
1178 1804 1199 1841 ιε

111 1882 162 1930 aut
185 1873 381 1947 Chrysippum
406 1890 512 1946 sequor
535 1871 690 1946 habeoque
714 1872 748 1930 C.
772 1872 902 1928 Laelium
927 1891 1068 1947 augurem
1094 1893 1163 1932 eun-

112 1970 239 2044 demque
256 1970 426 2044 sapientem,
443 1987 530 2042 quem
546 1968 642 2043 potius
659 1967 776 2025 audiam
794 1967 941 2026 dicentem
965 1968 1002 2026 de
1025 1972 1163 2046 religione

111 2069 141 2125 in
162 2067 209 2125 illa
230 2067 360 2124 oratione
382 2067 471 2122 nobili
493 2084 582 2139 quam
604 2083 780 2140 quemquam
802 2066 967 2140 principem
989 2068 1162 2128 Stoicomm.

112 2166 246 2239 Cumque
269 2165 363 2221 omnis
386 2163 486 2237 populi
509 2163 637 2220 Romani
659 2163 758 2237 religio
782 2164 811 2219 in
834 2182 916 2220 sacra
937 2173 966 2221 et
988 2165 1017 2222 in
1034 2167 1163 2242 auspicia

111 2262 202 2319 divisa
217 2263 260 2332 sit,
277 2262 391 2318 tertium
407 2260 578 2317 adiunctum
593 2261 637 2330 sit,
653 2261 676 2317 si
696 2260 767 2334 quid
787 2260 994 2336 praedictionis
1017 2281 1107 2322 causa
1127 2283 1163 2322 ex
1176 2288 1199 2314 20

110 2361 250 2435 portentis
272 2369 301 2417 et
322 2358 457 2416 monstris
479 2358 600 2431 Sibyllae
623 2358 792 2431 interpretes
815 2358 1020 2433 haruspicesve
1040 2340 1185 2420 monues

110 2468 184 2528 runt,
210 2458 311 2515 harum
337 2475 392 2531 ego
416 2455 588 2529 religionum
614 2455 722 2511 nullam
746 2474 885 2530 umquam
911 2460 1162 2517 contemnendam

110 2556 208 2630 putavi
230 2555 358 2629 mihique
378 2555 417 2610 ita
438 2553 575 2627 persuasi,
592 2552 751 2609 Romulum
766 2553 911 2626 auspiciis,
929 2554 1059 2612 Numam
1074 2559 1161 2615 sacris

110 2652 274 2709 constitutis
295 2650 485 2708 fundamenta
505 2650 607 2706 iecisse
629 2659 744 2705 nostrae
762 2650 893 2721 civitatis,
909 2669 984 2724 quae
999 2671 1160 2728 numquam

110 2751 241 2825 profecto
257 2749 318 2805 sine
334 2766 448 2804 summa
462 2746 625 2821 placatione
642 2746 763 2804 deorum
779 2747 973 2805 inmortalium
994 2759 1076 2808 tanta
1097 2771 1160 2810 esse
1174 2778 1196 2815 25

84 2848 259 2922 epotuisset.
304 2845 415 2914 Habes,
442 2845 540 2914 Balbe,
567 2843 637 2918 quid
663 2844 758 2914 Cotta,
785 2843 855 2919 quid
880 2846 1011 2920 pontifex
1036 2850 1159 2922 sentiat,

110 2944 155 3000 fac
170 2962 249 3000 nunc
264 2960 323 3020 ego·
334 2941 509 3015 intellegam,
526 2952 556 2998 tu
572 2941 643 3015 quid
658 2942 773 2998 sentias
804 2944 872 2998 Ate
889 2943 966 2999 enim
982 2945 1159 3022 philosopho

109 3042 251 3097 rationem
276 3039 410 3112 accipere
439 3038 535 3095 debeo
563 3039 717 3113 religionis,
744 3039 899 3097 maioribus
928 3051 1026 3099 autem
1055 3045 1158 3103 nostris

81 3139 199 3201 3etiam
213 3138 291 3194 nulla
304 3137 415 3193 ratione
430 3136 545 3193 reddita
560 3136 688 3193 credere.
720 3132 796 3193 Tum
813 3137 937 3194 Balbus:
962 3139 1061 3212 Quam
1076 3141 1160 3215 igitur

109 3254 195 3292 ame
216 3235 367 3303 rationem,
390 3234 490 3307 inquit,
514 3233 608 3302 Cotta,
630 3232 798 3290 desideras?
840 3236 878 3291 Et
892 3235 957 3293 ille:
981 3236 1157 3313 Quadriper-
1171 3262 1195 3300 30

108 3334 169 3404 tita,
185 3333 285 3405 inquit,
301 3332 353 3388 fuit
367 3331 469 3388 divisio
487 3340 545 3401 tua,
560 3330 686 3403 primum
705 3341 737 3388 ut
751 3331 837 3389 velles
860 3331 968 3390 docere
990 3332 1063 3392 deos
1085 3353 1157 3407 esse,

109 3429 217 3488 deinde
239 3428 338 3503 quales
360 3438 464 3499 esseut,
481 3436 541 3485 tum
556 3427 593 3484 ab
613 3427 646 3484 iis
666 3427 810 3485 mundum
831 3429 899 3503 regi,
915 3439 1066 3504 postremo
1087 3451 1156 3491 con·

109 3529 201 3586 sulere
216 3545 267 3584 eos
282 3526 367 3583 rebus
382 3525 525 3582 humanis.
569 3525 664 3596 Haec,
680 3525 796 3583 sirecte
814 3527 942 3598 memini,
958 3529 1075 3602 partitio
1096 3530 1157 3590 fuit.

109 3627 303 3696 Rectissume,
319 3623 411 3698 inquit
426 3624 532 3680 Balbus
545 3643 552 3692 ;
575 3620 628 3678 sed
643 3633 777 3696 expect0,
793 3622 863 3696 quid
878 3624 1015 3698 requiras.

83 3732 95 3777 t
148 3725 225 3783 Tum
240 3723 345 3785 Cotta:
370 3720 496 3777 Primum
511 3716 639 3791 quidque
654 3717 814 3790 videamus,
830 3720 941 3794 inquit,
963 3731 1001 3794 et,
1017 3723 1041 3780 si
1063 3724 1094 3783 id
1115 3735 1159 3784 est
1171 3746 1193 3785 ³⁵
