2446 4102
389 307 456 357 LIB.
468 308 517 357 III.
552 308 613 358 Car.
626 310 672 368 XI,
688 311 748 359 XII.
784 311 813 373 ξς
827 322 915 376 25-31.
1118 315 1174 381 145

121 458 246 536 quidem
261 460 345 536 quale
360 460 404 534 sit,
420 463 478 520 iam
492 462 671 539 videbimus)
691 463 744 522 sed
759 465 858 522 omnia
872 466 975 525 cientIs
995 475 1024 524 et
1043 468 1176 542 agitantis

122 559 251 616 motibus
273 567 303 616 et
324 559 531 618 mutationibus
553 561 619 619 suis.
664 563 767 637 Itaque
783 563 830 619 illa
844 563 915 620 mihi
930 564 1066 638 placebat
1083 567 1174 624 oratio
1188 580 1214 620 rs

121 654 159 714 de
181 657 388 715 convenientia
410 648 613 733 consensuque
636 670 763 729 naturae,
786 679 874 735 <luam
896 661 978 736 quasi
1000 664 1175 738 cognatione

121 755 293 812 continuata
321 756 486 831 conspirare
516 756 644 815 dicebas.
703 756 779 815 lllud
807 777 867 816 non
895 760 1065 834 probabam,
1094 761 1175 836 quod

90 872 100 908 ⁵
120 853 249 928 negabas
264 851 296 910 id
310 853 444 911 accidere
460 855 598 928 potuisse,
614 856 668 912 nisi
683 873 719 912 ea
733 874 793 913 uno
808 855 906 913 divino
927 858 1027 932 spiritu
1043 859 1173 917 contine-

119 960 227 1008 rentur.
272 950 325 1008 Illa
338 970 406 1008 vero
429 951 587 1009 cohaerent
607 962 637 1010 et
657 962 831 1027 permanent
851 964 970 1011 naturae
984 956 1099 1028 viribus,
1114 975 1173 1014 non

120 1047 254 1121 deorum,
278 1059 379 1124 estque
400 1049 431 1107 in
452 1068 487 1107 ea
511 1051 564 1108 iste
589 1051 671 1125 quasi
697 1070 866 1123 consensus
889 1071 976 1127 quam
1001 1053 1175 1128 συμπάθειαν

119 1146 228 1205 Graeci
249 1156 356 1204 vocant
366 1168 375 1220 3
404 1147 457 1204 sed
479 1167 522 1219 ea,
546 1167 605 1222 quo
627 1167 679 1205 sua
699 1159 804 1222 sponte
827 1149 918 1206 maior
943 1159 996 1220 est,
1019 1168 1056 1208 eo
1078 1151 1173 1209 minus

119 1242 220 1300 divina
233 1244 344 1301 ratione
359 1243 421 1302 fieri
436 1245 630 1302 existimanda
644 1255 696 1303 est.

82 1362 106 1388 10
161 1341 215 1398 Illa
229 1352 337 1414 autern,
353 1360 427 1416 quae
443 1342 611 1401 Carneades
631 1343 790 1414 adferebat,
806 1363 894 1418 quem
915 1343 953 1403 ad
972 1344 1095 1403 modum
1115 1324 1217 1430 dis-{92

118 1438 250 1496 solvitis?
277 1438 301 1495 si
324 1440 435 1497 nullum
461 1459 566 1515 corpus
592 1441 742 1498 inmortale
767 1441 812 1512 sit,
838 1443 949 1499 nullum
975 1461 1038 1500 esse
1067 1462 1173 1519 corpus

119 1537 331 1611 sempiternum
338 1558 346 1608 ;
369 1555 474 1612 corpus
489 1548 587 1594 autem
608 1538 760 1595 inmortale
783 1539 893 1596 nullum
915 1558 988 1611 esse,
1010 1558 1047 1597 ne
1069 1540 1171 1598 indivi-

119 1633 213 1692 duum
228 1632 358 1708 quidem,
373 1653 430 1692 nec
444 1634 525 1709 quod
541 1634 636 1692 dirimi
651 1635 807 1693 distrahive
822 1656 882 1693 non
896 1637 997 1710 possit.
1037 1637 1172 1713 Cumque

118 1750 209 1789 omne
224 1731 332 1788 animal
346 1732 496 1807 patibilem
512 1743 645 1790 naturam
660 1733 774 1804 habeat,
787 1734 897 1790 nullum
910 1745 952 1790 est
968 1752 1079 1805 eorum,
1091 1735 1173 1809 quod

82 1845 105 1884 τε
119 1829 237 1904 effugiat
259 1829 424 1904 accipiendi
446 1829 553 1905 aliquid
575 1830 763 1902 extrinsecus
786 1830 816 1887 id
838 1840 882 1888 est
903 1831 985 1905 quasi
1010 1830 1122 1889 ferendi
1144 1843 1173 1891 et

118 1925 259 2003 patiendi,
281 1927 496 1999 necessitatem,
519 1935 557 1999 et,
579 1928 602 1985 si
624 1946 712 1984 omne
735 1928 842 1984 animal
866 1928 922 1984 tale
945 1938 996 1999 est,
1019 1929 1171 1987 inmortale

117 2025 230 2082 nullum
245 2034 296 2082 est.
341 2026 419 2100 Ergo
433 2024 545 2097 itidem,
561 2025 584 2082 si
601 2043 690 2082 omne
710 2025 816 2082 animal
836 2025 928 2082 secari
950 2044 984 2082 ac
1006 2025 1097 2083 dividi
1118 2045 1170 2102 po-

117 2131 184 2194 test,
210 2123 320 2180 nullum
346 2132 389 2180 est
413 2141 514 2180 eorum
539 2122 732 2193 individuum,
756 2123 866 2179 nullum
892 2133 1043 2180 aetemum
1053 2145 1063 2196 3
1092 2125 1172 2201 atqui

117 2237 208 2278 omne
222 2219 330 2277 animal
345 2218 383 2276 ad
398 2219 603 2294 accipiendam
617 2219 676 2276 vim
696 2228 844 2277 externam
865 2230 894 2277 et
916 2220 1068 2278 ferundam
1088 2240 1170 2297 para-

80 2343 105 2369 20
117 2327 180 2375 tum
196 2326 259 2389 est;
280 2317 401 2374 mortale
416 2318 501 2392 igitur
515 2335 603 2374 omne
619 2317 726 2374 animal
741 2326 770 2373 et
784 2316 951 2375 dissolubile
970 2328 1000 2374 et
1019 2318 1170 2377 dividuum

117 2415 154 2473 sit
177 2432 300 2472 necesse
326 2424 378 2472 est.
420 2416 462 2474 Ut
484 2415 571 2486 enim,
595 2415 619 2471 si
640 2415 735 2471 omnis
757 2433 826 2470 cera
846 2416 1061 2472 commutabilis
1085 2426 1169 2488 esset,
1183 2433 1210 2476 ru

117 2511 190 2569 nihil
217 2519 292 2569 esset
321 2529 447 2583 cereum,
474 2511 553 2586 quod
582 2512 755 2569 commutari
783 2530 844 2568 non
868 2522 976 2586 posset,
1003 2512 1073 2569 item
1098 2512 1169 2570 nihil

117 2602 299 2684 argente'um,
316 2609 387 2666 nihil
407 2612 540 2682 ae'neum,
559 2610 582 2667 si
604 2609 818 2667 commutabilis
840 2619 916 2667 esset
937 2619 1039 2666 natura
1059 2611 1170 2685 argenti

117 2716 147 2764 et
161 2706 254 2764 aeris:
276 2705 406 2763 similiter
420 2707 512 2782 igitur,
527 2706 551 2763 si
566 2707 665 2763 omnia
684 2703 775 2782 [quae
791 2704 885 2783 sunt],
902 2724 918 2763 e
939 2707 1043 2781 quibus
1063 2717 1171 2765 cuncta

77 2825 103 2864 2⁵
117 2813 263 2874 constant,
278 2804 427 2861 mutabilia
444 2813 519 2875 sunt,
534 2804 644 2861 nullum
663 2821 769 2878 corpus
792 2821 855 2860 esse
877 2813 975 2878 potest
995 2823 1055 2861 non
1076 2814 1168 2862 muta-

115 2902 173 2959 bile
185 2922 194 2973 ;
220 2901 370 2959 mutabilia
390 2911 487 2959 autem
509 2911 575 2958 sunt
597 2901 652 2973 illa,
668 2919 704 2957 ex
725 2901 829 2975 quibus
851 2901 951 2958 omnia
972 2910 1115 2973 constant,
1137 2912 1170 2961 ut

115 2999 199 3057 vobis
221 2997 353 3070 videtur3
379 3017 466 3056 omne
490 2999 574 3073 igitur
596 3017 702 3072 corpus
726 2998 863 3055 mutabile
887 3008 939 3056 est.
982 3001 1020 3055 At
1044 2999 1067 3055 si
1092 3010 1169 3057 esset

117 3114 224 3170 corpus
246 3094 365 3169 aliquod
387 3096 547 3167 inmortale,
563 3115 624 3152 non
646 3104 721 3153 esset
741 3114 828 3153 omne
844 3095 1001 3168 mutabile3
1024 3096 1064 3152 ita
1078 3096 1167 3154 effici-

115 3203 168 3264 tur,
184 3203 217 3251 ut
231 3211 319 3250 omne
334 3211 440 3267 corpus
454 3193 574 3250 mortale
590 3194 634 3250 sit.
672 3193 789 3250 Etenim
804 3211 892 3249 omne
908 3211 1013 3267 corpus
1029 3203 1078 3249 aut
1092 3212 1168 3268 aqua

77 3318 102 3354 30
115 3301 164 3349 aut
178 3291 228 3348 adr
242 3300 291 3346 aut
306 3291 379 3364 ignis
394 3300 443 3347 aut
458 3301 532 3348 terra
547 3300 589 3346 est
605 3300 652 3346 aut
668 3289 707 3360 id,
723 3289 804 3364 quod
819 3299 863 3346 est
881 3299 1052 3346 concretum
1068 3308 1104 3346 ex
1123 3290 1167 3348 his

114 3399 164 3446 aut
186 3407 223 3445 ex
244 3388 340 3462 aliqua
360 3397 440 3463 parte
456 3406 574 3456 eorun13
598 3387 701 3444 horum
716 3397 814 3443 autem
835 3387 906 3444 nihil
928 3396 979 3458 cst,
1003 3386 1072 3461 quin
1095 3388 1166 3444 inte-

114 3496 183 3544 reat.
228 3487 306 3543 Nam
322 3495 350 3543 et
364 3495 509 3542 terrenum
525 3504 611 3542 omne
627 3484 773 3556 dividitur,
790 3494 818 3540 et
836 3503 920 3541 umor
939 3485 978 3540 ita
998 3484 1091 3540 mollis
1114 3495 1198 3556 estat

113 3594 145 3642 ut
159 3582 245 3641 facile
260 3581 354 3658 premi
368 3581 534 3656 conlidique
549 3582 660 3656 possit;
681 3581 755 3656 ignis
769 3599 839 3638 vero
859 3591 888 3637 et
909 3581 958 3637 aer
980 3580 1060 3638 omni
1082 3582 1166 3655 pulsu

113 3681 249 3738 facillime
264 3680 379 3754 pellitur
392 3688 550 3753 naturaque
571 3678 681 3736 cedens
701 3688 744 3735 est
763 3696 899 3735 maxume
921 3688 950 3735 et
972 3677 1163 3752 dissupabilis.

75 3797 100 3839 ³⁵
114 3780 326 3852 Praetereaque
345 3776 445 3835 omnia
462 3775 536 3833 haec
555 3785 618 3833 tum
636 3775 789 3847 intereunt,
806 3792 874 3831 cum
888 3774 918 3831 In
932 3784 1065 3832 naturam
1080 3775 1165 3834 aliam
