2446 4102
92 280 136 341 40
421 278 470 326 DE
491 278 636 328 NATURA
658 277 817 328 DEORUM.

94 450 216 507 corpore
238 432 262 490 si
282 433 404 490 minima
418 451 454 490 ex
474 442 554 507 parte
570 432 612 489 sic
626 432 776 505 afficiatur,
791 434 947 492 molestum
961 435 1006 508 sit,
1021 455 1074 494 cur
1087 435 1146 496 hoc

93 531 173 589 idern
195 548 256 587 non
278 529 418 587 habeatur
437 530 592 588 molestum
615 530 645 586 in
664 528 744 587 deo?
785 532 875 588 Terra
899 533 978 590 enim
1003 534 1146 608 profecto,

94 629 231 704 quoniam
258 626 359 684 mundi
383 645 449 701 pars
474 636 526 697 est,
548 644 613 701 pars
639 635 682 684 est
708 628 797 685 etiam
818 628 875 686 dei.
931 630 1021 704 Atqui
1053 641 1146 690 terrae

95 744 244 783 maxumas
266 725 399 800 regiones
421 723 613 781 inhabitabilis
638 734 726 799 atque
755 725 877 783 incultas
898 725 1043 800 videmus,
1065 728 1148 803 quod

94 841 160 899 pars
174 841 274 880 earum
289 822 412 897 adpulsu
435 821 502 878 solis
524 821 668 893 exarserit,
684 839 750 896 pars
772 822 928 897 obriguerit
948 824 1015 882 nive
1029 825 1146 899 pruina·
1165 847 1176 885 r

94 939 151 995 que
166 921 326 995 longinquo
346 920 413 977 solis
435 919 572 976 abscessu
583 938 592 991 ;
615 937 698 992 quae,
715 919 739 976 si
760 918 887 978 mundus
909 929 953 977 est
974 920 1058 994 deus,
1073 941 1146 998 quo-

95 1019 173 1075 niam
193 1018 294 1075 mundi
316 1029 412 1093 partes
436 1025 510 1088 sunt,
527 1015 576 1074 dei
598 1017 730 1074 membra
754 1018 860 1091 partim
885 1017 1025 1091 ardentia,
1041 1020 1148 1094 partim

94 1116 257 1191 refrigerata
271 1115 399 1172 dicenda
413 1123 488 1173 sunt.

57 1220 82 1259 2⁵
134 1215 229 1286 Atque
244 1212 317 1269 haec
331 1211 451 1287 quidem
465 1220 567 1283 vestra,
580 1212 682 1270 Lucili.
719 1212 824 1285 Qualia
837 1230 905 1269 vero
919 1222 1018 1271 vetera
1032 1215 1098 1286 sint,
1111 1215 1148 1274 ab

94 1310 195 1367 ultimo
216 1319 346 1384 repetam
368 1310 558 1384 superiorum.
599 1310 707 1367 Thales
722 1311 800 1367 enim
816 1310 957 1381 Milesius,
972 1311 1022 1385 qui
1037 1312 1147 1386 primus
1161 1338 1183 1364 10

95 1407 133 1464 de
158 1407 262 1464 talibus
286 1407 371 1464 rebus
397 1407 546 1481 quaesivit,
573 1425 680 1482 aquam
706 1406 778 1464 dixit
805 1425 869 1464 esse
898 1408 1012 1465 initium
1040 1427 1147 1481 rerum,
1185 1404 1188 1410 ’

95 1504 185 1561 deum
206 1514 303 1561 autem
324 1523 390 1561 eam
410 1513 550 1575 mentem,
566 1523 641 1579 quae
663 1523 700 1562 ex
721 1522 798 1578 aqua
816 1514 924 1562 cuncta
942 1506 1074 1580 fingeret.
1118 1507 1147 1566 Si

95 1601 126 1659 di
141 1611 263 1676 possunt
284 1619 347 1658 esse
369 1602 430 1658 sine
452 1620 540 1659 sensu
562 1611 591 1659 et
611 1612 720 1673 mente,
736 1620 787 1659 cur
801 1620 894 1677 aquae
910 1611 1042 1675 mentem,
1058 1606 1150 1662 menti

94 1707 191 1756 atatem
210 1717 264 1755 cur
280 1718 389 1773 apuam
408 1698 548 1771 adiunxit,
564 1700 589 1756 si
603 1700 666 1774 ipsa
682 1717 764 1757 mens
779 1709 914 1783 constare
928 1709 1025 1775 potest
1040 1720 1147 1760 vacans

95 1797 239 1871 corpore?
278 1796 487 1853 Anaximandri
515 1806 614 1854 autem
642 1797 743 1871 opinio
771 1806 816 1854 est
842 1798 956 1855 nativos
984 1816 1049 1856 esse
1074 1798 1147 1858 deos
1160 1828 1182 1867 ις

94 1892 187 1968 longis
212 1893 365 1950 intervallis
390 1893 507 1950 orientis
534 1893 766 1968 occidentisque,
789 1912 900 1969 eosque
928 1895 1147 1955 innumerabilis

94 2008 158 2049 esse
173 1989 308 2048 mundos.
351 1990 408 2048 Sed
428 2009 481 2048 nos
497 1989 587 2048 deum
606 1991 661 2048 nisi
681 1992 890 2066 sempiternum
910 1992 1079 2068 intellegere
1098 1994 1147 2068 qui

55 2118 81 2159 23
93 2090 269 2164 possumus?
310 2091 379 2146 Post
396 2090 592 2146 Anaximenes
610 2089 677 2146 aera
691 2089 781 2147 deum
798 2090 905 2162 statuit,
921 2109 1049 2165 eumque
1067 2092 1147 2167 gigni

94 2204 216 2260 esseque
234 2187 399 2243 inmensum
419 2195 449 2243 et
468 2185 613 2244 infinitum
632 2195 661 2244 et
680 2205 796 2262 semper
820 2187 850 2244 in
869 2196 951 2244 motu
961 2208 970 2260 3
994 2187 1077 2262 quasi
1097 2198 1147 2247 aut

93 2284 142 2342 aiir
161 2285 222 2342 sine
243 2284 300 2341 ulla
318 2284 411 2340 forma
426 2282 499 2340 deus
516 2301 580 2340 esse
597 2284 698 2358 possit,
713 2302 782 2341 cum
796 2285 965 2358 praesertim
980 2284 1071 2343 deum
1086 2304 1147 2345 non
1159 2314 1184 2341 ω

93 2381 185 2440 modo
214 2382 317 2455 aliqua,
343 2380 397 2438 sed
423 2380 618 2455 pulcherrima
646 2381 745 2455 specie
774 2381 879 2439 deceat
907 2399 981 2453 esse,
1007 2391 1058 2441 aut
1086 2402 1148 2442 non

50 2482 86 2538 ll
94 2497 191 2550 omne,
214 2478 294 2553 quod
319 2487 415 2535 ortum
439 2477 484 2549 sit,
506 2478 663 2536 mortalitas
685 2488 889 2553 consequatur.
932 2477 1008 2536 Inde
1030 2482 1146 2539 Anaxa·

94 2595 186 2651 goras,
207 2576 257 2650 qui
278 2576 393 2650 aceepit
413 2575 450 2633 ab
468 2575 648 2656 Anaximene
666 2575 860 2650 disciplinam,
880 2575 991 2651 primus
1013 2578 1147 2636 omnium

94 2693 188 2731 rerum
208 2672 427 2747 discriptionem
453 2681 481 2729 et
504 2670 628 2730 modum
648 2673 755 2730 mentis
776 2672 906 2731 infinitae
926 2672 955 2731 vi
976 2691 1012 2730 ac
1033 2675 1147 2734 ratione
1188 2728 1191 2733 .

94 2770 244 2845 dissignari
269 2778 298 2826 et
323 2768 430 2826 confici
453 2769 543 2826 voluit
554 2789 562 2842 ;
587 2769 618 2826 in
642 2787 701 2843 quo
726 2788 788 2827 non
811 2769 884 2827 vidit
908 2788 1005 2844 neque
1031 2782 1146 2831 motum
1159 2796 1183 2836 ις

94 2868 191 2927 sensui
215 2869 347 2925 iunctum
373 2875 403 2923 et
428 2866 628 2924 continentem
653 2866 683 2925 in
708 2866 821 2925 infinito
845 2867 936 2926 ullum
965 2886 1029 2927 esse
1058 2887 1147 2945 posse

93 2984 189 3040 neque
219 2983 338 3022 sensum
365 2964 496 3035 omnino,
522 2982 582 3038 quo
606 2982 667 3022 non
691 2964 755 3038 ipsa
778 2973 882 3022 natura
905 2965 989 3040 pulsa
1016 2968 1146 3027 sentiret.

94 3063 210 3121 Deinde
233 3063 257 3120 si
278 3072 408 3119 mentem
427 3062 512 3119 istam
528 3062 611 3136 quasi
630 3062 737 3119 animal
756 3061 875 3136 aliquod
891 3063 981 3121 voluit
1000 3082 1075 3136 esse,
1094 3066 1148 3124 erit

93 3160 201 3235 aliquid
226 3161 352 3231 interius,
376 3179 413 3216 ex
434 3177 493 3233 quo
517 3158 588 3216 illud
612 3160 719 3216 animal
743 3160 927 3233 nominetur3
950 3159 1023 3234 quid
1047 3172 1147 3221 autem

54 3275 80 3318 at
93 3258 210 3315 interius
235 3258 355 3315 mente?
376 3257 506 3332 cingatur
530 3257 616 3330 igitur
639 3274 762 3331 corpore
788 3266 916 3315 externo.
960 3257 1051 3331 Quod
1072 3278 1146 3335 quo·
1159 3283 1184 3322 ao

92 3357 171 3412 niam
192 3374 253 3413 non
274 3356 379 3430 placet,
401 3364 501 3429 aperta
523 3354 706 3429 simplexque
731 3373 814 3412 mens
839 3355 918 3412 nulla
940 3373 971 3413 re
995 3354 1146 3429 adiuncta,

93 3473 151 3530 qua
165 3455 270 3512 sentire
285 3454 385 3528 possit,
401 3455 499 3528 fugere
517 3453 729 3528 intellegentiae
747 3462 862 3510 nostrae
876 3453 935 3510 vim
950 3462 980 3511 et
993 3455 1147 3513 notionem

92 3552 214 3610 videtur.
259 3552 442 3610 Crotoniates
468 3560 565 3608 autem
590 3551 740 3622 Alcmaeo,
763 3551 813 3625 qui
838 3551 891 3608 soli
916 3560 945 3608 et
969 3551 1055 3610 lunae
1080 3553 1146 3611 reli-

93 3651 214 3724 quisque
240 3648 382 3706 sideribus
407 3649 563 3722 animoque
592 3656 742 3722 praeterea
764 3648 946 3705 divinitatem
969 3647 1061 3720 dedit,
1084 3668 1147 3708 non

92 3746 181 3807 sensit
206 3764 269 3806 sese
298 3745 465 3807 mortalibus
493 3745 578 3804 rebus
606 3745 843 3805 inmortalitatem
864 3744 943 3806 dare.
986 3746 1066 3807 Nam
1091 3748 1145 3824 Py·
1159 3764 1183 3805 as
