2446 4102
337 269 403 317 Lm.
420 267 441 317 1.
475 267 536 316 car.
549 267 802 326 xxxnxxxm.
836 269 866 331 §5
880 267 969 332 sa93.
1138 270 1179 339 59

120 441 241 500 semper
268 423 393 494 fuerunt,
420 421 482 479 nati
509 436 671 496 numquam
699 430 775 492 sunt,
801 421 946 497 siquidem
974 425 1084 482 aeterni
1112 435 1179 484 sunt

118 522 228 594 sutu1i;
251 529 280 579 at
294 521 429 578 homines
443 519 523 592 nati,·
544 528 612 576 ante
627 518 712 594 igitur
725 518 854 576 humana
868 520 961 577 forma
975 539 1063 595 quam
1084 523 1177 582 homi-

118 636 173 677 nes
202 635 247 689 ea,
273 636 333 693 qua
359 626 442 674 erant
468 617 563 674 sorma
590 615 622 672 di
649 616 824 674 inmortales
868 617 938 674 Non
967 635 1036 693 ergo
1064 620 1176 679 illorum

118 715 251 774 humana
272 715 374 786 forma,
398 713 452 772 sed
479 723 579 771 nostra
606 712 704 771 divina
731 711 859 770 dicenda
887 724 939 771 est.
981 717 1091 775 Verum
1120 719 1178 778 hoc

84 834 96 873 s
118 812 252 888 quidem,
267 820 300 869 ut
313 811 435 884 voletis,
457 810 528 869 illud
542 828 661 886 quaero,
676 828 751 885 quae
767 811 851 868 suerit
865 820 946 870 tantu
960 814 1073 873 fortuna
1092 816 1177 892 (nihil

116 911 199 968 enim
221 909 333 968 ratione
355 909 385 966 in
407 926 504 966 rerum
526 917 628 966 natura
650 909 760 966 factum
783 926 847 966 esse
870 910 983 987 vultis),
1003 913 1057 971 sed
1079 924 1176 974 tamen

115 1007 183 1082 quis
205 1007 259 1065 iste
280 1015 378 1064 tantus
399 1006 504 1064 casus?
544 1004 625 1063 unde
647 1015 708 1062 tam
730 1005 797 1064 felix
820 1025 979 1067 concursus
1001 1019 1175 1085 atomorum,
1189 1033 1213 1073 m

115 1115 150 1163 ut
182 1114 305 1180 repente
332 1102 467 1162 homines
495 1102 619 1161 deorum
646 1103 740 1160 forma
767 1109 974 1164 nascerentur?
1021 1109 1174 1169 Seminane

116 1201 243 1261 deorum
266 1200 412 1259 decidisse
434 1199 473 1258 de
497 1200 581 1258 caelo
603 1209 739 1275 putamus
758 1201 787 1258 in
809 1210 906 1275 terras,
929 1213 958 1262 et
979 1205 1020 1261 sic
1041 1205 1174 1266 homines

76 1325 102 1351 10
115 1310 235 1376 patrum
259 1299 367 1358 similes
395 1298 544 1356 extitisse?
583 1297 698 1356 Vellem
728 1298 863 1357 diceretis
874 1321 883 1372 ;
914 1300 1038 1359 deorum
1067 1322 1174 1379 cogna-

115 1399 230 1455 tionem
252 1414 444 1473 agnoscerem
466 1414 527 1454 non
550 1396 665 1454 invitus.
709 1396 789 1453 Nihil
813 1397 868 1455 tale
896 1397 1000 1470 dicitis,
1026 1399 1079 1457 sed
1104 1420 1173 1460 casu

114 1513 181 1554 esse
198 1496 318 1567 factum,
333 1503 366 1552 ut
387 1512 518 1552 essemus
539 1493 646 1551 similes
668 1493 801 1552 deorum.
845 1496 883 1553 Et
904 1514 983 1554 nunc
1004 1511 1173 1572 argumenta

114 1591 287 1668 quaerenda
300 1601 375 1664 sunt,
391 1592 496 1667 quibus
511 1591 570 1649 hoc
583 1591 749 1649 refellatur?
790 1592 911 1652 Utinam
930 1602 990 1650 tam
1008 1595 1091 1652 sacile
1106 1615 1173 1654 vera

113 1691 246 1749 invenire
271 1691 382 1766 possim
406 1708 496 1765 quam
519 1689 590 1747 salsa
614 1689 809 1747 convincere!
852 1691 969 1748 Etenim
995 1697 1170 1752 enumerasti
1178 1696 1215 1750 33

75 1815 99 1852 ις
112 1788 286 1847 memoriter
298 1797 329 1845 et
343 1787 473 1862 copiose,
488 1795 520 1844 ut
535 1786 605 1843 mihi
620 1785 740 1861 quidem
760 1786 894 1844 admirari
908 1788 1019 1847 luberet
1033 1791 1062 1847 in
1077 1790 1170 1849 homi-

113 1904 152 1944 ne
173 1903 239 1944 esse
260 1887 400 1943 Romano
419 1894 531 1942 tantam
553 1884 714 1955 scientiam,
729 1903 822 1959 usque
844 1903 862 1942 a
881 1884 973 1943 Thale
995 1888 1110 1946 Milesio
1132 1889 1170 1946 de

113 1985 241 2043 deorum
268 1993 371 2042 natura
397 1982 640 2059 philosophorum
668 1983 835 2040 sententias.
878 1983 1027 2042 Omnesne
1055 1987 1107 2045 tibi
1132 1989 1170 2046 illi
1183 2012 1208 2052 m

113 2082 237 2140 delirare
251 2081 305 2140 visi
326 2090 402 2153 sunt,
417 2080 468 2156 qui
489 2080 552 2138 sine
573 2080 707 2139 manibus
730 2089 758 2137 et
778 2081 904 2156 pedibus
925 2092 1059 2140 constare
1081 2084 1170 2144 deum

112 2198 202 2256 posse
221 2178 425 2238 decreverint?
465 2179 513 2236 Ne
534 2177 593 2235 hoc
614 2176 736 2252 quidem
756 2196 808 2236 vos
830 2188 928 2236 movet
949 2180 1168 2255 considerantis,

73 2295 191 2352 aequae
219 2279 256 2336 sit
279 2277 386 2335 utilitas
407 2293 543 2352 quaeque
565 2275 747 2350 oportunitas
768 2275 798 2333 in
821 2275 940 2334 homine
961 2279 1168 2352 membrorum,

111 2386 146 2434 ut
170 2375 305 2434 iudicetis
329 2375 468 2433 membris
492 2373 627 2431 humanis
652 2372 725 2431 deos
749 2392 810 2431 non
835 2376 942 2448 egere?
984 2375 1064 2448 Quid
1089 2379 1168 2435 enim

111 2472 241 2550 pedibus
255 2490 330 2548 opus
344 2481 388 2530 est
402 2472 464 2530 sine
486 2471 638 2546 ingressu?
659 2469 730 2545 quid
751 2471 894 2543 manibus,
909 2472 933 2530 si
953 2473 1023 2530 nihil
1044 2492 1167 2550 conpre-

112 2570 308 2630 hendendum
335 2572 401 2628 est?
430 2568 504 2645 quid
530 2569 642 2643 reliqua
668 2567 857 2643 discriptione
883 2570 1014 2627 omnium
1037 2575 1167 2646 corporis

111 2668 249 2746 partium,
268 2669 299 2726 in
320 2686 379 2744 qua
398 2667 471 2726 nihil
490 2667 587 2739 inane,
609 2666 680 2724 nihil
701 2666 762 2724 sine
785 2685 883 2738 causa,
904 2667 975 2725 nihil
996 2687 1166 2744 supervaca-

73 2791 98 2828 τε
111 2786 203 2825 neum
222 2767 287 2825 est?
328 2768 431 2841 Itaque
453 2765 532 2823 nulla
553 2783 597 2823 ars
618 2763 722 2821 imitari
744 2764 899 2822 sollertiam
920 2773 1039 2823 naturae
1061 2779 1167 2842 potest.

112 2864 247 2923 Habebit
260 2865 346 2939 igitur
359 2864 487 2939 linguam
502 2862 574 2920 deus
597 2871 626 2919 et
646 2880 707 2919 non
728 2862 871 2936 loquetur,
894 2861 1006 2934 denteS,
1028 2865 1166 2938 palatum,

111 2963 212 3020 fauces
236 2962 348 3020 nullum
373 2960 412 3018 ad
435 2980 529 3032 usum,
555 2978 689 3036 quaeque
715 2960 923 3036 procreationis
953 2979 1041 3018 causa
1066 2972 1167 3020 natura

111 3058 230 3135 corpori
254 3059 384 3132 adfinxit,
409 3077 445 3117 ea
468 3058 713 3134 frustraffhabebit
739 3057 821 3130 deus,
847 3076 903 3114 nec
928 3068 1047 3116 externa
1074 3062 1166 3135 magis

111 3176 201 3233 quam
229 3157 374 3230 interiora,
401 3175 463 3230 cor,
487 3156 651 3232 pulmones,
680 3156 768 3227 iecur,
798 3166 903 3228 cetera,
933 3174 1008 3231 quae
1037 3157 1167 3215 detracta

73 3277 98 3315 ³0
110 3256 234 3314 utilitate
257 3254 329 3330 quid
353 3254 463 3313 habent
481 3253 660 3312 venustatis?
686 3252 927 3328 quandoquidem
952 3253 1026 3311 haec
1050 3274 1112 3313 esse
1136 3256 1165 3314 in

111 3353 171 3412 deo
184 3362 305 3429 propter
317 3351 563 3429 pulchritudinem
576 3351 669 3409 voltis.
713 3351 817 3408 Istisne
831 3350 956 3410 fidentes
971 3354 1090 3411 somniis
1105 3373 1165 3411 non
1179 3377 1203 3416 m

110 3450 204 3509 modo
227 3449 371 3525 Epicurus
394 3458 423 3507 et
448 3447 635 3507 Metrodorus
661 3457 690 3506 et
713 3449 913 3507 Hermarchus
936 3460 1038 3507 contra
1061 3451 1164 3526 Pytha-

110 3567 222 3625 goram,
251 3548 404 3605 Platonem
433 3545 707 3622 Empedoclemque
736 3546 890 3617 dixerunt,
906 3547 959 3604 sed
983 3548 1165 3606 meretricula

110 3647 200 3705 etiam
215 3645 372 3703 Leontium
390 3653 492 3702 contra
511 3641 747 3717 Theophrastum
768 3643 893 3700 scribere
915 3662 985 3701 ausa
1006 3646 1070 3702 est?
1091 3646 1164 3703 scito

73 3743 158 3806 ssilla
179 3740 302 3818 quidem
324 3758 459 3800 sermone
482 3749 512 3799 et
533 3740 641 3813 Attico,
665 3738 719 3798 sed
742 3748 852 3800 tamen.
893 3742 1021 3798 Tantum
1044 3741 1164 3817 Epicuri
