2446 4102
337 232 403 281 Lm.
420 233 441 281 1.
476 231 622 292 clxxxi,
635 233 720 282 xxrr.
756 234 785 296 §a
799 232 888 297 53-60·
1096 233 1140 297 49

86 386 170 447 soluti
190 395 220 445 et
241 385 271 444 in
292 385 454 445 libertatern
467 385 606 444 vindicati
627 404 683 443 nec
705 387 860 443 metuimus
885 404 945 457 eos,
961 403 1035 460 quos
1057 384 1139 443 iutel-

85 484 207 561 legimus
221 502 278 542 nec
293 484 347 542 sibi
362 484 472 558 fingere
487 484 574 540 ullam
589 484 752 541 molestiam
774 501 830 540 nec
852 484 932 540 alteri
947 501 1095 557 quaerere,
1111 491 1140 541 et

84 583 131 657 pie
147 591 307 657 sancteque
323 582 445 639 colimus
460 590 591 638 naturam
613 582 805 639 excellentem
827 590 913 655 atque
935 589 1139 654 praestantem.

84 679 143 738 Sed
158 680 250 737 elatus
265 678 362 737 studio
377 697 479 736 vereor
492 696 529 735 ne
544 679 657 753 longior
671 678 782 735 fuerim.
825 679 895 734 Erat
910 687 1008 734 autem
1023 677 1139 736 difficile

52 796 145 835 srem
166 786 279 834 tantam
300 785 419 851 tamque
441 776 619 850 praeclaram
645 775 812 832 inchoatam
834 775 995 848 relinquere
1007 795 1015 847 3
1038 794 1139 849 quam·

83 893 173 950 quam
187 891 250 931 non
264 883 324 931 tam
338 872 458 931 dicendi
472 873 544 930 ratio
560 872 631 929 mihi
649 871 787 930 habenda
801 872 853 929 fuit
867 890 955 946 quam
971 871 1118 930 audiendi.

122 973 201 1030 Turn
224 971 312 1030 Cotta
333 971 463 1042 comiter,
478 980 510 1028 ut
531 971 661 1028 solebat:
684 970 783 1044 Atqui,
798 970 900 1044 inquit,
914 970 1016 1040 Vellei,
1032 970 1086 1026 nisi
1106 979 1137 1027 tu
1146 949 1181 1056 ἒξ

82 1069 195 1145 aliquid
218 1069 349 1140 dixisseS,
372 1069 443 1126 nihil
471 1087 541 1126 sane
570 1086 607 1125 ex
635 1085 682 1124 me
709 1066 829 1141 quidem
859 1067 958 1125 audire
986 1068 1139 1142 potuisses.

83 1167 159 1225 Mihi
174 1167 254 1224 euim
269 1176 404 1223 nontam
419 1166 503 1222 facile
523 1165 553 1222 in
574 1175 705 1222 mentem
719 1165 817 1223 venire
839 1166 921 1235 solet,
937 1183 1025 1239 quare
1040 1182 1140 1222 verum

45 1287 69 1313 ιο
82 1265 119 1322 sit
132 1263 254 1339 aliquid,
269 1281 357 1337 quam
372 1281 460 1338 quare
475 1263 598 1335 falsum;
621 1261 710 1337 idque
732 1281 800 1319 cum
821 1280 918 1336 saepe,
934 1271 1004 1332 tum,
1021 1280 1089 1318 cum
1110 1270 1138 1319 te

81 1361 225 1432 audirem,
241 1360 329 1435 paulo
344 1369 411 1417 ante
428 1360 558 1434 contigit.
602 1361 702 1434 Roges
716 1378 774 1431 me,
790 1360 906 1434 qualern
921 1368 1052 1416 naturam
1068 1358 1138 1416 deo-

80 1477 145 1517 rum
168 1476 233 1516 esse
248 1457 365 1529 ducam,
381 1457 453 1514 nihil
474 1458 593 1515 fortasse
615 1456 831 1532 respondeam,
854 1475 984 1531 quaeraS,
999 1465 1139 1531 putemne

81 1556 171 1614 talem
186 1572 261 1626 esse,
277 1555 368 1629 qualis
383 1553 474 1612 modo
489 1573 507 1612 a
520 1564 549 1612 te
564 1555 600 1612 sit
614 1555 753 1629 exposita,
769 1554 840 1610 nihil
855 1553 952 1610 dicam
968 1553 1038 1610 mihi
1048 1552 1140 1611 videri

82 1653 190 1710 minus.
233 1650 293 1710 Sed
315 1661 382 1709 ante
405 1671 492 1727 quam
518 1651 671 1726 adgrediar
693 1651 732 1709 ad
755 1669 798 1721 ea,
814 1669 889 1725 quae
911 1670 928 1707 a
949 1660 977 1707 te
994 1649 1140 1724 disputata

45 1775 68 1814 ις
82 1759 159 1822 sunt,
175 1747 215 1807 de
236 1758 266 1806 te
288 1749 353 1824 ipso
367 1749 464 1807 dicam
480 1749 552 1824 quid
572 1750 705 1807 sentiam.
747 1750 840 1823 Saepe
856 1748 935 1805 enirn
950 1748 987 1805 de
1009 1748 1177 1805 familiarite

80 1849 129 1907 illo
144 1858 198 1906 tuo
211 1846 315 1905 videor
329 1847 453 1919 audisse,
469 1866 537 1905 curn
558 1858 586 1905 te
607 1848 712 1922 togatis
727 1847 861 1905 omnibus
877 1847 938 1903 sine
954 1846 1044 1903 dubio
1058 1854 1139 1903 ante-

81 1947 169 2004 ferret
191 1953 221 2003 et
245 1962 356 2020 paucos
380 1955 480 2003 tecum
502 1945 663 2020 Epicureos
685 1962 701 2001 e
724 1944 848 2002 Graecia
870 1952 1061 2017 compararet,
1076 1943 1138 2015 sed,

82 2043 166 2119 quod
181 2043 219 2101 ab
234 2061 271 2101 eo
286 2052 315 2100 te
330 2043 450 2100 mirifice
462 2042 541 2117 diligi
560 2042 773 2116 intellegebam,
786 2041 943 2099 arbitrabar
957 2042 1036 2098 illum
1051 2059 1137 2116 prop-

82 2151 126 2200 ter
150 2139 379 2200 benivolentiam
403 2140 519 2198 uberius
544 2138 575 2196 id
599 2138 708 2197 dicere.
751 2140 816 2213 Ego
841 2147 948 2209 autern,
964 2138 1017 2195 etsi
1038 2156 1139 2196 vereor

44 2262 69 2290 ω
82 2240 202 2299 laudare
218 2247 411 2314 praesentem,
427 2237 526 2295 iudico
547 2246 646 2294 tamen
660 2235 698 2294 de
713 2254 743 2293 re
759 2236 883 2293 obscura
897 2246 983 2309 atque
998 2235 1107 2293 difficili
1122 2254 1140 2292 a

82 2347 111 2396 te
134 2337 249 2395 dictum
272 2354 336 2394 esse
358 2334 496 2406 dilucide,
512 2352 608 2408 neque
634 2334 785 2392 sententiis
811 2334 905 2390 solum
930 2334 1059 2408 copiose,
1085 2332 1139 2391 sed

81 2436 179 2495 verbis
208 2435 296 2492 etiam
324 2432 461 2504 ornatius,
490 2450 579 2507 quarn
607 2433 700 2489 solent
725 2431 819 2488 vestri.
861 2432 1020 2502 Zenonem,
1050 2449 1138 2505 quem
1151 2448 1177 2488 59

82 2532 167 2591 Philo
192 2541 292 2590 noster
312 2531 511 2606 coryphaeum
532 2530 677 2605 appellare
700 2529 912 2603 Epicureorum
934 2528 1053 2599 solebat,
1070 2547 1139 2586 curn

81 2629 207 2688 Athenis
222 2646 326 2700 essem,
335 2628 491 2686 audiebam
506 2628 680 2702 frequenter,
690 2635 719 2683 et
730 2624 850 2700 quidem
865 2626 929 2699 ipso
941 2635 1059 2682 auctore
1072 2625 1137 2683 Phi·

44 2752 69 2791 25
82 2729 161 2799 lone,
177 2725 277 2797 cred0,
293 2735 325 2783 ut
339 2726 449 2784 facilius
471 2725 640 2797 iudicarem,
656 2742 745 2799 quam
766 2723 814 2780 illa
833 2723 909 2780 bene
932 2723 1138 2796 refellerentur,

82 2844 153 2883 cum
181 2843 199 2882 a
226 2823 359 2899 principe
385 2824 597 2898 Epicureorum
626 2822 816 2896 accepissem,
839 2839 928 2896 quem
952 2819 990 2877 ad
1016 2820 1138 2879 modum

82 2922 259 2981 dicerentur.
302 2922 372 2978 Non
393 2921 479 2995 igitur
499 2922 556 2992 ille,
571 2931 603 2978 ut
624 2920 764 2995 plerique,
781 2917 835 2976 sed
857 2919 912 2976 isto
935 2916 1036 2989 mode,
1051 2928 1084 2976 ut
1098 2928 1138 2991 tu,

83 3019 231 3090 distincte,
253 3018 383 3093 graviter,
410 3026 519 3076 ornate.
563 3016 621 3075 Sed
636 3016 717 3092 quod
742 3017 772 3073 in
797 3016 846 3074 illo
871 3016 941 3072 mihi
969 3034 1022 3072 usu
1051 3034 1138 3090 saepe

82 3117 171 3188 venit,
187 3115 267 3174 idem
282 3115 382 3187 m0d0,
398 3133 467 3172 curn
481 3124 509 3172 te
525 3114 665 3185 audirem,
676 3113 840 3184 accidebat,
853 3122 885 3170 ut
898 3113 1020 3170 moleste
1035 3113 1139 3171 ferrem

46 3243 71 3280 30
83 3223 197 3272 tanturn
212 3213 361 3288 ingenium
378 3213 471 3289 (bona
481 3213 566 3270 venia
580 3230 627 3268 me
642 3210 759 3287 audies)
775 3212 805 3268 in
820 3220 879 3268 tam
894 3211 981 3281 leves,
992 3228 1030 3266 ne
1042 3209 1139 3268 dicam

83 3312 114 3368 in
127 3320 189 3369 tam
204 3311 318 3385 ineptas
340 3310 496 3367 sententias
518 3307 664 3366 incidisse.
708 3309 774 3365 Nec
789 3326 844 3383 ego
860 3326 939 3365 nunc
954 3307 1016 3381 ipse
1031 3307 1139 3382 aliquid
1153 3326 1178 3366 eo

83 3408 214 3466 adferam
236 3407 348 3466 melius.
389 3409 431 3467 Ut
452 3408 529 3464 enim
551 3405 642 3463 modo
665 3405 734 3476 dixi,
749 3406 885 3463 omnibus
906 3406 965 3463 fere
991 3405 1020 3461 in
1044 3406 1138 3477 rebuS,

84 3505 138 3564 sed
152 3505 280 3563 maxime
295 3505 324 3562 in
339 3504 475 3579 physicis
491 3502 563 3578 quid
584 3522 644 3560 non
660 3504 704 3574 sit,
720 3503 813 3573 citius,
826 3521 914 3577 quam
930 3502 1001 3577 quid
1016 3503 1060 3573 sit,
1076 3501 1138 3559 dix-

84 3603 166 3662 erim.
208 3605 309 3678 Roges
330 3619 388 3673 me,
403 3600 474 3677 quid
496 3610 546 3658 aut
560 3601 646 3675 quale
668 3602 704 3658 sit
720 3599 802 3670 deus,
818 3610 936 3657 auctore
959 3610 1022 3657 utar
1046 3601 1184 3664 Simo-22

45 3726 70 3766 ³⁵
84 3699 163 3775 uide,
192 3699 232 3759 de
260 3716 319 3774 quo
348 3716 417 3756 curn
445 3697 633 3774 quaesivisset
661 3697 719 3755 hoc
747 3695 826 3754 idem
861 3705 999 3772 tyrannus
1035 3697 1137 3769 Hiero,
