<?xml version="1.0" encoding="UTF-8"?>
<!DOCTYPE html PUBLIC "-//W3C//DTD XHTML 1.0 Transitional//EN"
    "http://www.w3.org/TR/xhtml1/DTD/xhtml1-transitional.dtd">
<html xmlns="http://www.w3.org/1999/xhtml" xml:lang="en" lang="en">
 <head>
  <title>
</title>
<meta http-equiv="Content-Type" content="text/html;charset=utf-8" />
  <meta name='ocr-system' content='tesseract 3.04.00' />
  <meta name='ocr-capabilities' content='ocr_page ocr_carea ocr_par ocr_line ocrx_word'/>
</head>
<body>
  <div class='ocr_page' id='page_1' title='image "./mtulliiciceroni00schgoog_0077.png"; bbox 0 0 2446 4102; ppageno 0'>
   <div class='ocr_carea' id='block_1_1' title="bbox 77 247 803 326">
    <p class='ocr_par' dir='ltr' id='par_1_1' title="bbox 77 247 803 326">
     <span class='ocr_line' id='line_1_1' title="bbox 77 247 803 326; baseline 0.001 -17"><span class='ocrx_word' id='word_1_1' title='bbox 77 247 121 326; x_wconf 91' lang='lat'>64</span> <span class='ocrx_word' id='word_1_2' title='bbox 406 259 620 310; x_wconf 70' lang='lat' dir='ltr'>naussum</span> <span class='ocrx_word' id='word_1_3' title='bbox 643 260 803 312; x_wconf 76' lang='lat' dir='ltr'>osonum</span> 
     </span>
    </p>
   </div>
   <div class='ocr_carea' id='block_1_2' title="bbox 34 413 1193 3806">
    <p class='ocr_par' dir='ltr' id='par_1_2' title="bbox 34 413 1193 3806">
     <span class='ocr_line' id='line_1_2' title="bbox 35 413 1135 491; baseline 0.01 -24"><span class='ocrx_word' id='word_1_4' title='bbox 35 425 175 472; x_wconf 86' lang='lat' dir='ltr'>rooautem</span> <span class='ocrx_word' id='word_1_5' title='bbox 190 414 347 472; x_wconf 88' lang='lat' dir='ltr'>adventum</span> <span class='ocrx_word' id='word_1_6' title='bbox 363 413 393 471; x_wconf 94' lang='lat' dir='ltr'>in</span> <span class='ocrx_word' id='word_1_7' title='bbox 407 413 520 471; x_wconf 91' lang='lat' dir='ltr'>animos</span> <span class='ocrx_word' id='word_1_8' title='bbox 542 423 572 471; x_wconf 93' lang='lat' dir='ltr'>et</span> <span class='ocrx_word' id='word_1_9' title='bbox 592 413 741 472; x_wconf 88' lang='lat' dir='ltr'>introitum</span> <span class='ocrx_word' id='word_1_10' title='bbox 762 414 921 491; x_wconf 77' lang='lat' dir='ltr'>imaginum</span> <span class='ocrx_word' id='word_1_11' title='bbox 943 415 1049 476; x_wconf 91' lang='lat' dir='ltr'>dicitis.</span> <span class='ocrx_word' id='word_1_12' title='bbox 1092 420 1135 478; x_wconf 91' lang='lat' dir='ltr'>Ut</span> 
     </span>
     <span class='ocr_line' id='line_1_3' title="bbox 77 510 1134 588; baseline 0.004 -18"><span class='ocrx_word' id='word_1_13' title='bbox 77 514 122 571; x_wconf 88' lang='lat' dir='ltr'>Ti.</span> <span class='ocrx_word' id='word_1_14' title='bbox 139 512 306 571; x_wconf 84' lang='lat' dir='ltr'>Gracchum</span> <span class='ocrx_word' id='word_1_15' title='bbox 321 530 389 569; x_wconf 91' lang='lat' dir='ltr'>cum</span> <span class='ocrx_word' id='word_1_16' title='bbox 403 510 505 568; x_wconf 91' lang='lat' dir='ltr'>videor</span> <span class='ocrx_word' id='word_1_17' title='bbox 519 512 740 569; x_wconf 87' lang='lat' dir='ltr'>contionantem</span> <span class='ocrx_word' id='word_1_18' title='bbox 755 512 785 569; x_wconf 92' lang='lat' dir='ltr'>in</span> <span class='ocrx_word' id='word_1_19' title='bbox 807 513 952 588; x_wconf 90' lang='lat' dir='ltr'>Capitolio</span> <span class='ocrx_word' id='word_1_20' title='bbox 973 513 1074 573; x_wconf 89' lang='lat' dir='ltr'>videre</span> <span class='ocrx_word' id='word_1_21' title='bbox 1095 515 1134 574; x_wconf 92' lang='lat' dir='ltr'>de</span> 
     </span>
     <span class='ocr_line' id='line_1_4' title="bbox 79 608 1134 680; baseline 0.002 -11"><span class='ocrx_word' id='word_1_22' title='bbox 79 613 121 669; x_wconf 90' lang='lat' dir='ltr'>M.</span> <span class='ocrx_word' id='word_1_23' title='bbox 142 610 265 669; x_wconf 89' lang='lat' dir='ltr'>Octavio</span> <span class='ocrx_word' id='word_1_24' title='bbox 288 608 468 666; x_wconf 84' lang='lat' dir='ltr'>deserentem</span> <span class='ocrx_word' id='word_1_25' title='bbox 491 609 622 680; x_wconf 85' lang='lat' dir='ltr'>sitellam,</span> <span class='ocrx_word' id='word_1_26' title='bbox 645 619 705 667; x_wconf 92' lang='lat' dir='ltr'>tum</span> <span class='ocrx_word' id='word_1_27' title='bbox 728 627 797 667; x_wconf 92' lang='lat' dir='ltr'>eum</span> <span class='ocrx_word' id='word_1_28' title='bbox 818 619 931 667; x_wconf 91' lang='lat' dir='ltr'>motum</span> <span class='ocrx_word' id='word_1_29' title='bbox 952 612 1043 669; x_wconf 91' lang='lat' dir='ltr'>animi</span> <span class='ocrx_word' id='word_1_30' title='bbox 1065 611 1134 672; x_wconf 93' lang='lat' dir='ltr'>dico</span> 
     </span>
     <span class='ocr_line' id='line_1_5' title="bbox 79 705 1134 782; baseline 0.001 -16"><span class='ocrx_word' id='word_1_31' title='bbox 79 727 142 766; x_wconf 88' lang='lat' dir='ltr'>esse</span> <span class='ocrx_word' id='word_1_32' title='bbox 157 709 283 778; x_wconf 88' lang='lat' dir='ltr'>inanem,</span> <span class='ocrx_word' id='word_1_33' title='bbox 296 716 327 764; x_wconf 93' lang='lat' dir='ltr'>tu</span> <span class='ocrx_word' id='word_1_34' title='bbox 343 716 441 763; x_wconf 86' lang='lat' dir='ltr'>autem</span> <span class='ocrx_word' id='word_1_35' title='bbox 456 715 485 763; x_wconf 90' lang='lat' dir='ltr'>et</span> <span class='ocrx_word' id='word_1_36' title='bbox 500 705 628 764; x_wconf 83' lang='lat' dir='ltr'>Gracchi</span> <span class='ocrx_word' id='word_1_37' title='bbox 643 715 671 763; x_wconf 89' lang='lat' dir='ltr'>et</span> <span class='ocrx_word' id='word_1_38' title='bbox 687 706 802 764; x_wconf 90' lang='lat' dir='ltr'>Octavii</span> <span class='ocrx_word' id='word_1_39' title='bbox 817 707 957 782; x_wconf 88' lang='lat' dir='ltr'>imagines</span> <span class='ocrx_word' id='word_1_40' title='bbox 971 726 1134 782; x_wconf 89' lang='lat' dir='ltr'>remanere,</span> 
     </span>
     <span class='ocr_line' id='line_1_6' title="bbox 79 802 1165 880; baseline 0.001 -17"><span class='ocrx_word' id='word_1_41' title='bbox 79 824 162 880; x_wconf 87' lang='lat' dir='ltr'>quae,</span> <span class='ocrx_word' id='word_1_42' title='bbox 185 806 214 862; x_wconf 90' lang='lat' dir='ltr'>in</span> <span class='ocrx_word' id='word_1_43' title='bbox 236 804 413 878; x_wconf 87' lang='lat' dir='ltr'>Capitolium</span> <span class='ocrx_word' id='word_1_44' title='bbox 435 822 503 859; x_wconf 91' lang='lat' dir='ltr'>cum</span> <span class='ocrx_word' id='word_1_45' title='bbox 524 803 715 878; x_wconf 87' lang='lat' dir='ltr'>pervenerim,</span> <span class='ocrx_word' id='word_1_46' title='bbox 738 812 800 861; x_wconf 90' lang='lat' dir='ltr'>tum</span> <span class='ocrx_word' id='word_1_47' title='bbox 822 802 860 861; x_wconf 92' lang='lat' dir='ltr'>ad</span> <span class='ocrx_word' id='word_1_48' title='bbox 881 804 1012 862; x_wconf 91' lang='lat' dir='ltr'>animum</span> <span class='ocrx_word' id='word_1_49' title='bbox 1033 825 1135 864; x_wconf 91' lang='lat' dir='ltr'>meum</span> <span class='ocrx_word' id='word_1_50' title='bbox 1154 832 1165 870; x_wconf 74' lang='lat'><strong>5</strong></span> 
     </span>
     <span class='ocr_line' id='line_1_7' title="bbox 78 899 1136 976; baseline 0.001 -16"><span class='ocrx_word' id='word_1_51' title='bbox 78 904 236 960; x_wconf 87' lang='lat' dir='ltr'>referantur</span> <span class='ocrx_word' id='word_1_52' title='bbox 246 923 254 974; x_wconf 89' lang='lat'>;</span> <span class='ocrx_word' id='word_1_53' title='bbox 276 902 333 958; x_wconf 91' lang='lat' dir='ltr'>hoc</span> <span class='ocrx_word' id='word_1_54' title='bbox 357 900 437 958; x_wconf 91' lang='lat' dir='ltr'>idem</span> <span class='ocrx_word' id='word_1_55' title='bbox 458 899 519 957; x_wconf 91' lang='lat' dir='ltr'>fieri</span> <span class='ocrx_word' id='word_1_56' title='bbox 539 900 568 957; x_wconf 92' lang='lat' dir='ltr'>in</span> <span class='ocrx_word' id='word_1_57' title='bbox 586 899 653 970; x_wconf 89' lang='lat' dir='ltr'>de0,</span> <span class='ocrx_word' id='word_1_58' title='bbox 674 901 756 958; x_wconf 92' lang='lat' dir='ltr'>cuius</span> <span class='ocrx_word' id='word_1_59' title='bbox 774 901 875 958; x_wconf 88' lang='lat' dir='ltr'>crebra</span> <span class='ocrx_word' id='word_1_60' title='bbox 896 901 969 958; x_wconf 87' lang='lat' dir='ltr'>sacie</span> <span class='ocrx_word' id='word_1_61' title='bbox 990 903 1136 976; x_wconf 84' lang='lat' dir='ltr'>pellantur</span> 
     </span>
     <span class='ocr_line' id='line_1_8' title="bbox 34 998 1134 1074; baseline 0.005 -20"><span class='ocrx_word' id='word_1_62' title='bbox 34 1001 176 1071; x_wconf 70' lang='lat' dir='ltr'>inanimi,</span> <span class='ocrx_word' id='word_1_63' title='bbox 206 1019 243 1056; x_wconf 87' lang='lat' dir='ltr'>ex</span> <span class='ocrx_word' id='word_1_64' title='bbox 270 1018 329 1074; x_wconf 93' lang='lat' dir='ltr'>quo</span> <span class='ocrx_word' id='word_1_65' title='bbox 358 1016 421 1055; x_wconf 91' lang='lat' dir='ltr'>esse</span> <span class='ocrx_word' id='word_1_66' title='bbox 450 998 528 1056; x_wconf 90' lang='lat' dir='ltr'>beati</span> <span class='ocrx_word' id='word_1_67' title='bbox 557 1007 644 1071; x_wconf 90' lang='lat' dir='ltr'>atque</span> <span class='ocrx_word' id='word_1_68' title='bbox 673 999 783 1055; x_wconf 89' lang='lat' dir='ltr'>aeterni</span> <span class='ocrx_word' id='word_1_69' title='bbox 811 998 1021 1074; x_wconf 85' lang='lat' dir='ltr'>intellegantur.</span> <span class='ocrx_word' id='word_1_70' title='bbox 1074 1003 1134 1059; x_wconf 90' lang='lat' dir='ltr'>Fac</span> 
     </span>
     <span class='ocr_line' id='line_1_9' title="bbox 78 1095 1135 1172; baseline 0.003 -18"><span class='ocrx_word' id='word_1_71' title='bbox 78 1099 217 1172; x_wconf 86' lang='lat' dir='ltr'>imagines</span> <span class='ocrx_word' id='word_1_72' title='bbox 252 1115 324 1168; x_wconf 91' lang='lat' dir='ltr'>esse,</span> <span class='ocrx_word' id='word_1_73' title='bbox 360 1096 465 1170; x_wconf 92' lang='lat' dir='ltr'>quibus</span> <span class='ocrx_word' id='word_1_74' title='bbox 501 1096 652 1170; x_wconf 89' lang='lat' dir='ltr'>pulsentur</span> <span class='ocrx_word' id='word_1_75' title='bbox 689 1095 797 1167; x_wconf 86' lang='lat' dir='ltr'>animi;</span> <span class='ocrx_word' id='word_1_76' title='bbox 828 1096 941 1171; x_wconf 90' lang='lat' dir='ltr'>species</span> <span class='ocrx_word' id='word_1_77' title='bbox 981 1095 1135 1157; x_wconf 88' lang='lat' dir='ltr'>dumtaxat</span> 
     </span>
     <span class='ocr_line' id='line_1_10' title="bbox 79 1193 1136 1269; baseline 0.002 -17"><span class='ocrx_word' id='word_1_78' title='bbox 79 1196 202 1252; x_wconf 92' lang='lat' dir='ltr'>obicitur</span> <span class='ocrx_word' id='word_1_79' title='bbox 223 1194 370 1269; x_wconf 87' lang='lat' dir='ltr'>quaedam</span> <span class='ocrx_word' id='word_1_80' title='bbox 380 1215 389 1266; x_wconf 86' lang='lat'>;</span> <span class='ocrx_word' id='word_1_81' title='bbox 411 1213 482 1250; x_wconf 90' lang='lat' dir='ltr'>num</span> <span class='ocrx_word' id='word_1_82' title='bbox 502 1194 598 1263; x_wconf 86' lang='lat' dir='ltr'>etiam,</span> <span class='ocrx_word' id='word_1_83' title='bbox 619 1211 672 1250; x_wconf 91' lang='lat' dir='ltr'>cur</span> <span class='ocrx_word' id='word_1_84' title='bbox 694 1211 731 1250; x_wconf 88' lang='lat' dir='ltr'>ea</span> <span class='ocrx_word' id='word_1_85' title='bbox 751 1193 839 1250; x_wconf 90' lang='lat' dir='ltr'>beata</span> <span class='ocrx_word' id='word_1_86' title='bbox 857 1193 902 1264; x_wconf 91' lang='lat' dir='ltr'>sit,</span> <span class='ocrx_word' id='word_1_87' title='bbox 923 1212 974 1250; x_wconf 93' lang='lat' dir='ltr'>cur</span> <span class='ocrx_word' id='word_1_88' title='bbox 995 1197 1136 1254; x_wconf 88' lang='lat' dir='ltr'>aeterna?</span> 
     </span>
     <span class='ocr_line' id='line_1_11' title="bbox 80 1290 1172 1365; baseline 0.003 -17"><span class='ocrx_word' id='word_1_89' title='bbox 80 1293 163 1365; x_wconf 90' lang='lat' dir='ltr'>Quae</span> <span class='ocrx_word' id='word_1_90' title='bbox 185 1302 282 1349; x_wconf 90' lang='lat' dir='ltr'>autem</span> <span class='ocrx_word' id='word_1_91' title='bbox 304 1292 375 1348; x_wconf 90' lang='lat' dir='ltr'>istae</span> <span class='ocrx_word' id='word_1_92' title='bbox 398 1291 537 1365; x_wconf 88' lang='lat' dir='ltr'>imagines</span> <span class='ocrx_word' id='word_1_93' title='bbox 561 1300 673 1347; x_wconf 91' lang='lat' dir='ltr'>vestrae</span> <span class='ocrx_word' id='word_1_94' title='bbox 700 1299 750 1347; x_wconf 89' lang='lat' dir='ltr'>aut</span> <span class='ocrx_word' id='word_1_95' title='bbox 770 1290 872 1348; x_wconf 89' lang='lat' dir='ltr'>unde?</span> <span class='ocrx_word' id='word_1_96' title='bbox 912 1293 939 1347; x_wconf 90' lang='lat' dir='ltr'>A</span> <span class='ocrx_word' id='word_1_97' title='bbox 961 1292 1135 1352; x_wconf 89' lang='lat' dir='ltr'>Democrito</span> <span class='ocrx_word' id='word_1_98' title='bbox 1149 1318 1172 1344; x_wconf 85' lang='lat'>10</span> 
     </span>
     <span class='ocr_line' id='line_1_12' title="bbox 79 1387 1135 1463; baseline 0.002 -17"><span class='ocrx_word' id='word_1_99' title='bbox 79 1391 199 1446; x_wconf 91' lang='lat' dir='ltr'>omnino</span> <span class='ocrx_word' id='word_1_100' title='bbox 215 1390 288 1445; x_wconf 74' lang='lat' dir='ltr'>haec‘</span> <span class='ocrx_word' id='word_1_101' title='bbox 302 1389 437 1460; x_wconf 88' lang='lat' dir='ltr'>licentia;</span> <span class='ocrx_word' id='word_1_102' title='bbox 460 1387 512 1445; x_wconf 91' lang='lat' dir='ltr'>sed</span> <span class='ocrx_word' id='word_1_103' title='bbox 527 1398 556 1444; x_wconf 93' lang='lat' dir='ltr'>et</span> <span class='ocrx_word' id='word_1_104' title='bbox 571 1388 617 1444; x_wconf 94' lang='lat' dir='ltr'>ille</span> <span class='ocrx_word' id='word_1_105' title='bbox 632 1388 825 1463; x_wconf 90' lang='lat' dir='ltr'>reprehensus</span> <span class='ocrx_word' id='word_1_106' title='bbox 845 1408 863 1446; x_wconf 92' lang='lat' dir='ltr'>a</span> <span class='ocrx_word' id='word_1_107' title='bbox 884 1389 980 1446; x_wconf 92' lang='lat' dir='ltr'>multis</span> <span class='ocrx_word' id='word_1_108' title='bbox 1002 1399 1056 1462; x_wconf 93' lang='lat' dir='ltr'>est,</span> <span class='ocrx_word' id='word_1_109' title='bbox 1079 1409 1135 1448; x_wconf 88' lang='lat' dir='ltr'>uec</span> 
     </span>
     <span class='ocr_line' id='line_1_13' title="bbox 79 1486 1135 1561; baseline 0.003 -17"><span class='ocrx_word' id='word_1_110' title='bbox 79 1506 130 1545; x_wconf 93' lang='lat' dir='ltr'>vos</span> <span class='ocrx_word' id='word_1_111' title='bbox 155 1488 263 1544; x_wconf 87' lang='lat' dir='ltr'>exitum</span> <span class='ocrx_word' id='word_1_112' title='bbox 288 1487 426 1561; x_wconf 90' lang='lat' dir='ltr'>reperitis,</span> <span class='ocrx_word' id='word_1_113' title='bbox 450 1495 569 1560; x_wconf 88' lang='lat' dir='ltr'>totaque</span> <span class='ocrx_word' id='word_1_114' title='bbox 594 1504 639 1543; x_wconf 92' lang='lat' dir='ltr'>res</span> <span class='ocrx_word' id='word_1_115' title='bbox 665 1487 779 1543; x_wconf 86' lang='lat' dir='ltr'>vacillat</span> <span class='ocrx_word' id='word_1_116' title='bbox 803 1496 832 1544; x_wconf 92' lang='lat' dir='ltr'>et</span> <span class='ocrx_word' id='word_1_117' title='bbox 856 1486 1011 1545; x_wconf 84' lang='lat' dir='ltr'>claudicat.</span> <span class='ocrx_word' id='word_1_118' title='bbox 1055 1489 1135 1547; x_wconf 91' lang='lat' dir='ltr'>Nam</span> 
     </span>
     <span class='ocr_line' id='line_1_14' title="bbox 79 1583 1134 1659; baseline 0.001 -17"><span class='ocrx_word' id='word_1_119' title='bbox 79 1584 151 1659; x_wconf 92' lang='lat' dir='ltr'>quid</span> <span class='ocrx_word' id='word_1_120' title='bbox 179 1594 230 1655; x_wconf 92' lang='lat' dir='ltr'>est,</span> <span class='ocrx_word' id='word_1_121' title='bbox 259 1583 339 1657; x_wconf 92' lang='lat' dir='ltr'>quod</span> <span class='ocrx_word' id='word_1_122' title='bbox 366 1583 460 1640; x_wconf 89' lang='lat' dir='ltr'>minus</span> <span class='ocrx_word' id='word_1_123' title='bbox 487 1583 603 1657; x_wconf 92' lang='lat' dir='ltr'>probari</span> <span class='ocrx_word' id='word_1_124' title='bbox 628 1584 728 1658; x_wconf 90' lang='lat' dir='ltr'>possit,</span> <span class='ocrx_word' id='word_1_125' title='bbox 757 1602 846 1658; x_wconf 80' lang='lat' dir='ltr'>quam</span> <span class='ocrx_word' id='word_1_126' title='bbox 873 1584 1006 1641; x_wconf 90' lang='lat' dir='ltr'>omnium</span> <span class='ocrx_word' id='word_1_127' title='bbox 1031 1584 1063 1642; x_wconf 93' lang='lat' dir='ltr'>in</span> <span class='ocrx_word' id='word_1_128' title='bbox 1085 1605 1134 1644; x_wconf 89' lang='lat' dir='ltr'>me</span> 
     </span>
     <span class='ocr_line' id='line_1_15' title="bbox 79 1680 1135 1758; baseline 0.002 -19"><span class='ocrx_word' id='word_1_129' title='bbox 79 1681 207 1740; x_wconf 88' lang='lat' dir='ltr'>incidere</span> <span class='ocrx_word' id='word_1_130' title='bbox 229 1682 377 1756; x_wconf 88' lang='lat' dir='ltr'>imagines,</span> <span class='ocrx_word' id='word_1_131' title='bbox 400 1681 534 1751; x_wconf 88' lang='lat' dir='ltr'>Homeri,</span> <span class='ocrx_word' id='word_1_132' title='bbox 550 1680 726 1752; x_wconf 84' lang='lat' dir='ltr'>Archilochi,</span> <span class='ocrx_word' id='word_1_133' title='bbox 743 1681 870 1752; x_wconf 91' lang='lat' dir='ltr'>Romuli,</span> <span class='ocrx_word' id='word_1_134' title='bbox 887 1681 1013 1753; x_wconf 90' lang='lat' dir='ltr'>Numae,</span> <span class='ocrx_word' id='word_1_135' title='bbox 1029 1682 1135 1758; x_wconf 90' lang='lat' dir='ltr'>Pytha·</span> 
     </span>
     <span class='ocr_line' id='line_1_16' title="bbox 79 1779 1172 1856; baseline 0.002 -19"><span class='ocrx_word' id='word_1_136' title='bbox 79 1798 174 1856; x_wconf 89' lang='lat' dir='ltr'>gorae,</span> <span class='ocrx_word' id='word_1_137' title='bbox 191 1780 326 1850; x_wconf 81' lang='lat' dir='ltr'>Platonis,</span> <span class='ocrx_word' id='word_1_138' title='bbox 341 1797 397 1835; x_wconf 90' lang='lat' dir='ltr'>nec</span> <span class='ocrx_word' id='word_1_139' title='bbox 412 1796 447 1835; x_wconf 91' lang='lat' dir='ltr'>ea</span> <span class='ocrx_word' id='word_1_140' title='bbox 461 1779 561 1848; x_wconf 84' lang='lat' dir='ltr'>forma,</span> <span class='ocrx_word' id='word_1_141' title='bbox 577 1797 635 1852; x_wconf 90' lang='lat' dir='ltr'>qua</span> <span class='ocrx_word' id='word_1_142' title='bbox 653 1779 693 1835; x_wconf 93' lang='lat' dir='ltr'>illi</span> <span class='ocrx_word' id='word_1_143' title='bbox 714 1779 849 1836; x_wconf 89' lang='lat' dir='ltr'>fuerunt?</span> <span class='ocrx_word' id='word_1_144' title='bbox 891 1779 959 1852; x_wconf 89' lang='lat' dir='ltr'>Quo</span> <span class='ocrx_word' id='word_1_145' title='bbox 980 1780 1074 1838; x_wconf 89' lang='lat' dir='ltr'>modo</span> <span class='ocrx_word' id='word_1_146' title='bbox 1095 1781 1135 1839; x_wconf 92' lang='lat' dir='ltr'>illi</span> <span class='ocrx_word' id='word_1_147' title='bbox 1150 1801 1172 1838; x_wconf 84' lang='lat'>¹⁵</span> 
     </span>
     <span class='ocr_line' id='line_1_17' title="bbox 80 1874 1135 1952; baseline 0.001 -17"><span class='ocrx_word' id='word_1_148' title='bbox 80 1879 169 1952; x_wconf 88' lang='lat' dir='ltr'>ergo?</span> <span class='ocrx_word' id='word_1_149' title='bbox 190 1887 219 1933; x_wconf 93' lang='lat' dir='ltr'>et</span> <span class='ocrx_word' id='word_1_150' title='bbox 240 1895 364 1951; x_wconf 91' lang='lat' dir='ltr'>quorum</span> <span class='ocrx_word' id='word_1_151' title='bbox 386 1876 547 1950; x_wconf 87' lang='lat' dir='ltr'>imagines?</span> <span class='ocrx_word' id='word_1_152' title='bbox 598 1875 750 1950; x_wconf 91' lang='lat' dir='ltr'>Orpheum</span> <span class='ocrx_word' id='word_1_153' title='bbox 771 1876 890 1950; x_wconf 71' lang='lat' dir='ltr'>poetam</span> <span class='ocrx_word' id='word_1_154' title='bbox 912 1874 1001 1934; x_wconf 93' lang='lat' dir='ltr'>docet</span> <span class='ocrx_word' id='word_1_155' title='bbox 1023 1878 1135 1937; x_wconf 90' lang='lat' dir='ltr'>Aristo·</span> 
     </span>
     <span class='ocr_line' id='line_1_18' title="bbox 79 1971 1136 2051; baseline 0.002 -19"><span class='ocrx_word' id='word_1_156' title='bbox 79 1977 150 2032; x_wconf 90' lang='lat' dir='ltr'>teles</span> <span class='ocrx_word' id='word_1_157' title='bbox 182 1993 342 2048; x_wconf 89' lang='lat' dir='ltr'>numquam</span> <span class='ocrx_word' id='word_1_158' title='bbox 372 1974 467 2044; x_wconf 88' lang='lat' dir='ltr'>fuisse,</span> <span class='ocrx_word' id='word_1_159' title='bbox 491 1982 521 2030; x_wconf 92' lang='lat' dir='ltr'>et</span> <span class='ocrx_word' id='word_1_160' title='bbox 545 1973 602 2030; x_wconf 92' lang='lat' dir='ltr'>hoc</span> <span class='ocrx_word' id='word_1_161' title='bbox 628 1972 791 2047; x_wconf 92' lang='lat' dir='ltr'>Orphicum</span> <span class='ocrx_word' id='word_1_162' title='bbox 816 1992 936 2031; x_wconf 87' lang='lat' dir='ltr'>carmen</span> <span class='ocrx_word' id='word_1_163' title='bbox 959 1971 1136 2051; x_wconf 78' lang='lat' dir='ltr'>Pythagorei</span> 
     </span>
     <span class='ocr_line' id='line_1_19' title="bbox 80 2070 1136 2150; baseline 0.002 -21"><span class='ocrx_word' id='word_1_164' title='bbox 80 2073 174 2130; x_wconf 83' lang='lat' dir='ltr'>ferunt</span> <span class='ocrx_word' id='word_1_165' title='bbox 199 2071 350 2129; x_wconf 89' lang='lat' dir='ltr'>cuiusdam</span> <span class='ocrx_word' id='word_1_166' title='bbox 374 2072 460 2128; x_wconf 88' lang='lat' dir='ltr'>fuisse</span> <span class='ocrx_word' id='word_1_167' title='bbox 486 2071 636 2145; x_wconf 90' lang='lat' dir='ltr'>Cercopis.</span> <span class='ocrx_word' id='word_1_168' title='bbox 679 2072 718 2127; x_wconf 88' lang='lat' dir='ltr'>At</span> <span class='ocrx_word' id='word_1_169' title='bbox 741 2070 886 2145; x_wconf 88' lang='lat' dir='ltr'>Orpheus,</span> <span class='ocrx_word' id='word_1_170' title='bbox 913 2070 943 2129; x_wconf 95' lang='lat' dir='ltr'>id</span> <span class='ocrx_word' id='word_1_171' title='bbox 968 2081 1012 2129; x_wconf 90' lang='lat' dir='ltr'>est</span> <span class='ocrx_word' id='word_1_172' title='bbox 1036 2073 1136 2150; x_wconf 91' lang='lat' dir='ltr'>imago</span> 
     </span>
     <span class='ocr_line' id='line_1_20' title="bbox 36 2169 1135 2245; baseline 0 -16"><span class='ocrx_word' id='word_1_173' title='bbox 36 2171 150 2240; x_wconf 84' lang='lat' dir='ltr'>roseius,</span> <span class='ocrx_word' id='word_1_174' title='bbox 174 2180 205 2227; x_wconf 94' lang='lat' dir='ltr'>ut</span> <span class='ocrx_word' id='word_1_175' title='bbox 229 2189 280 2226; x_wconf 90' lang='lat' dir='ltr'>vos</span> <span class='ocrx_word' id='word_1_176' title='bbox 305 2169 396 2239; x_wconf 89' lang='lat' dir='ltr'>vultis,</span> <span class='ocrx_word' id='word_1_177' title='bbox 426 2169 456 2225; x_wconf 94' lang='lat' dir='ltr'>in</span> <span class='ocrx_word' id='word_1_178' title='bbox 482 2169 611 2225; x_wconf 92' lang='lat' dir='ltr'>animum</span> <span class='ocrx_word' id='word_1_179' title='bbox 633 2187 733 2226; x_wconf 90' lang='lat' dir='ltr'>meum</span> <span class='ocrx_word' id='word_1_180' title='bbox 758 2187 845 2243; x_wconf 89' lang='lat' dir='ltr'>saepe</span> <span class='ocrx_word' id='word_1_181' title='bbox 870 2169 998 2227; x_wconf 90' lang='lat' dir='ltr'>incurrit.</span> <span class='ocrx_word' id='word_1_182' title='bbox 1043 2171 1135 2245; x_wconf 90' lang='lat' dir='ltr'>Quid,</span> 
     </span>
     <span class='ocr_line' id='line_1_21' title="bbox 80 2267 1174 2344; baseline -0.004 -19"><span class='ocrx_word' id='word_1_183' title='bbox 80 2267 161 2342; x_wconf 90' lang='lat' dir='ltr'>quod</span> <span class='ocrx_word' id='word_1_184' title='bbox 187 2267 317 2324; x_wconf 84' lang='lat' dir='ltr'>eiusdem</span> <span class='ocrx_word' id='word_1_185' title='bbox 342 2267 467 2323; x_wconf 90' lang='lat' dir='ltr'>hominis</span> <span class='ocrx_word' id='word_1_186' title='bbox 491 2267 521 2323; x_wconf 91' lang='lat' dir='ltr'>in</span> <span class='ocrx_word' id='word_1_187' title='bbox 546 2285 644 2323; x_wconf 90' lang='lat' dir='ltr'>meum</span> <span class='ocrx_word' id='word_1_188' title='bbox 670 2267 751 2338; x_wconf 91' lang='lat' dir='ltr'>aliae,</span> <span class='ocrx_word' id='word_1_189' title='bbox 777 2267 848 2323; x_wconf 91' lang='lat' dir='ltr'>aliae</span> <span class='ocrx_word' id='word_1_190' title='bbox 873 2267 903 2324; x_wconf 91' lang='lat' dir='ltr'>in</span> <span class='ocrx_word' id='word_1_191' title='bbox 926 2269 1030 2326; x_wconf 89' lang='lat' dir='ltr'>tuum?</span> <span class='ocrx_word' id='word_1_192' title='bbox 1052 2268 1135 2344; x_wconf 92' lang='lat' dir='ltr'>quid,</span> <span class='ocrx_word' id='word_1_193' title='bbox 1150 2295 1174 2321; x_wconf 69' lang='grc' dir='ltr'><strong><em>ω</em></strong></span> 
     </span>
     <span class='ocr_line' id='line_1_22' title="bbox 80 2364 1135 2440; baseline 0.003 -19"><span class='ocrx_word' id='word_1_194' title='bbox 80 2365 160 2439; x_wconf 91' lang='lat' dir='ltr'>quod</span> <span class='ocrx_word' id='word_1_195' title='bbox 176 2383 274 2421; x_wconf 89' lang='lat' dir='ltr'>earum</span> <span class='ocrx_word' id='word_1_196' title='bbox 288 2383 393 2434; x_wconf 91' lang='lat' dir='ltr'>rerum,</span> <span class='ocrx_word' id='word_1_197' title='bbox 409 2382 484 2438; x_wconf 91' lang='lat' dir='ltr'>quae</span> <span class='ocrx_word' id='word_1_198' title='bbox 498 2382 658 2437; x_wconf 89' lang='lat' dir='ltr'>numquam</span> <span class='ocrx_word' id='word_1_199' title='bbox 674 2364 795 2421; x_wconf 93' lang='lat' dir='ltr'>omnino</span> <span class='ocrx_word' id='word_1_200' title='bbox 814 2364 929 2422; x_wconf 87' lang='lat' dir='ltr'>fuerunt</span> <span class='ocrx_word' id='word_1_201' title='bbox 950 2364 1053 2440; x_wconf 73' lang='lat' dir='ltr'>neque&#39;</span> <span class='ocrx_word' id='word_1_202' title='bbox 1070 2384 1135 2425; x_wconf 92' lang='lat' dir='ltr'>esse</span> 
     </span>
     <span class='ocr_line' id='line_1_23' title="bbox 80 2460 1134 2538; baseline 0.003 -20"><span class='ocrx_word' id='word_1_203' title='bbox 80 2472 245 2538; x_wconf 87' lang='lat' dir='ltr'>potuerunt,</span> <span class='ocrx_word' id='word_1_204' title='bbox 271 2471 302 2517; x_wconf 92' lang='lat' dir='ltr'>ut</span> <span class='ocrx_word' id='word_1_205' title='bbox 327 2462 446 2535; x_wconf 88' lang='lat' dir='ltr'>Scyllae,</span> <span class='ocrx_word' id='word_1_206' title='bbox 472 2471 504 2517; x_wconf 94' lang='lat' dir='ltr'>ut</span> <span class='ocrx_word' id='word_1_207' title='bbox 530 2461 723 2518; x_wconf 88' lang='lat' dir='ltr'>Chimaerae?</span> <span class='ocrx_word' id='word_1_208' title='bbox 755 2460 835 2536; x_wconf 89' lang='lat' dir='ltr'>quid,</span> <span class='ocrx_word' id='word_1_209' title='bbox 862 2461 943 2535; x_wconf 92' lang='lat' dir='ltr'>quod</span> <span class='ocrx_word' id='word_1_210' title='bbox 968 2462 1134 2536; x_wconf 92' lang='lat' dir='ltr'>hominum,</span> 
     </span>
     <span class='ocr_line' id='line_1_24' title="bbox 80 2563 1134 2640; baseline 0.003 -20"><span class='ocrx_word' id='word_1_211' title='bbox 80 2564 220 2634; x_wconf 88' lang='lat' dir='ltr'>locorum,</span> <span class='ocrx_word' id='word_1_212' title='bbox 237 2564 350 2620; x_wconf 88' lang='lat' dir='ltr'>urbium</span> <span class='ocrx_word' id='word_1_213' title='bbox 373 2581 479 2632; x_wconf 84' lang='lat' dir='ltr'>earum,</span> <span class='ocrx_word' id='word_1_214' title='bbox 496 2581 567 2637; x_wconf 90' lang='lat' dir='ltr'>quas</span> <span class='ocrx_word' id='word_1_215' title='bbox 589 2581 749 2637; x_wconf 86' lang='lat' dir='ltr'>numquam</span> <span class='ocrx_word' id='word_1_216' title='bbox 770 2563 917 2620; x_wconf 89' lang='lat' dir='ltr'>vidimus?</span> <span class='ocrx_word' id='word_1_217' title='bbox 937 2563 1019 2638; x_wconf 93' lang='lat' dir='ltr'>quid,</span> <span class='ocrx_word' id='word_1_218' title='bbox 1041 2564 1134 2640; x_wconf 90' lang='lat' dir='ltr'>quod,</span> 
     </span>
     <span class='ocr_line' id='line_1_25' title="bbox 81 2661 1193 2737; baseline 0.002 -19"><span class='ocrx_word' id='word_1_219' title='bbox 81 2662 165 2719; x_wconf 88' lang='lat' dir='ltr'>simul</span> <span class='ocrx_word' id='word_1_220' title='bbox 190 2680 224 2717; x_wconf 88' lang='lat' dir='ltr'>ac</span> <span class='ocrx_word' id='word_1_221' title='bbox 249 2661 320 2717; x_wconf 86' lang='lat' dir='ltr'>mihi</span> <span class='ocrx_word' id='word_1_222' title='bbox 343 2661 502 2717; x_wconf 88' lang='lat' dir='ltr'>collibitum</span> <span class='ocrx_word' id='word_1_223' title='bbox 526 2671 577 2730; x_wconf 87' lang='lat' dir='ltr'>est,</span> <span class='ocrx_word' id='word_1_224' title='bbox 601 2670 715 2734; x_wconf 91' lang='lat' dir='ltr'>praesto</span> <span class='ocrx_word' id='word_1_225' title='bbox 740 2670 783 2718; x_wconf 93' lang='lat' dir='ltr'>est</span> <span class='ocrx_word' id='word_1_226' title='bbox 806 2661 924 2735; x_wconf 85' lang='lat' dir='ltr'>imago?</span> <span class='ocrx_word' id='word_1_227' title='bbox 945 2661 1027 2735; x_wconf 91' lang='lat' dir='ltr'>quid,</span> <span class='ocrx_word' id='word_1_228' title='bbox 1052 2662 1136 2737; x_wconf 93' lang='lat' dir='ltr'>quod</span> <span class='ocrx_word' id='word_1_229' title='bbox 1184 2676 1193 2691; x_wconf 81' lang='lat'>¹</span> 
     </span>
     <span class='ocr_line' id='line_1_26' title="bbox 81 2756 1172 2833; baseline -0.001 -18"><span class='ocrx_word' id='word_1_230' title='bbox 81 2760 168 2815; x_wconf 85' lang='lat' dir='ltr'>etiam</span> <span class='ocrx_word' id='word_1_231' title='bbox 200 2758 237 2815; x_wconf 90' lang='lat' dir='ltr'>ad</span> <span class='ocrx_word' id='word_1_232' title='bbox 268 2756 463 2814; x_wconf 90' lang='lat' dir='ltr'>dormientem</span> <span class='ocrx_word' id='word_1_233' title='bbox 485 2757 605 2814; x_wconf 88' lang='lat' dir='ltr'>veniunt</span> <span class='ocrx_word' id='word_1_234' title='bbox 636 2758 808 2815; x_wconf 88' lang='lat' dir='ltr'>invocatae?</span> <span class='ocrx_word' id='word_1_235' title='bbox 848 2759 925 2815; x_wconf 91' lang='lat' dir='ltr'>Tota</span> <span class='ocrx_word' id='word_1_236' title='bbox 946 2776 1001 2828; x_wconf 79' lang='lat' dir='ltr'>reS,</span> <span class='ocrx_word' id='word_1_237' title='bbox 1029 2760 1133 2833; x_wconf 91' lang='lat' dir='ltr'>Vellei,</span> <span class='ocrx_word' id='word_1_238' title='bbox 1148 2785 1172 2824; x_wconf 63' lang='grc' dir='ltr'>ες</span> 
     </span>
     <span class='ocr_line' id='line_1_27' title="bbox 81 2854 1134 2930; baseline 0.001 -17"><span class='ocrx_word' id='word_1_239' title='bbox 81 2857 230 2929; x_wconf 81' lang='lat' dir='ltr'>nugatoria</span> <span class='ocrx_word' id='word_1_240' title='bbox 244 2865 295 2911; x_wconf 87' lang='lat' dir='ltr'>cst.</span> <span class='ocrx_word' id='word_1_241' title='bbox 337 2855 397 2910; x_wconf 83' lang='lat' dir='ltr'>Vos</span> <span class='ocrx_word' id='word_1_242' title='bbox 413 2864 509 2910; x_wconf 88' lang='lat' dir='ltr'>autem</span> <span class='ocrx_word' id='word_1_243' title='bbox 525 2873 583 2911; x_wconf 94' lang='lat' dir='ltr'>non</span> <span class='ocrx_word' id='word_1_244' title='bbox 600 2854 690 2912; x_wconf 90' lang='lat' dir='ltr'>modo</span> <span class='ocrx_word' id='word_1_245' title='bbox 706 2856 796 2912; x_wconf 91' lang='lat' dir='ltr'>oculis</span> <span class='ocrx_word' id='word_1_246' title='bbox 811 2856 960 2930; x_wconf 86' lang='lat' dir='ltr'>imagines,</span> <span class='ocrx_word' id='word_1_247' title='bbox 975 2855 1030 2913; x_wconf 90' lang='lat' dir='ltr'>sed</span> <span class='ocrx_word' id='word_1_248' title='bbox 1044 2859 1134 2915; x_wconf 88' lang='lat' dir='ltr'>etiam</span> 
     </span>
     <span class='ocr_line' id='line_1_28' title="bbox 81 2952 1135 3029; baseline 0.004 -20"><span class='ocrx_word' id='word_1_249' title='bbox 81 2955 183 3010; x_wconf 85' lang='lat' dir='ltr'>animis</span> <span class='ocrx_word' id='word_1_250' title='bbox 211 2952 369 3009; x_wconf 77' lang='lat' dir='ltr'>inculcatis</span> <span class='ocrx_word' id='word_1_251' title='bbox 412 2953 507 3008; x_wconf 89' lang='lat' dir='ltr'>Tanta</span> <span class='ocrx_word' id='word_1_252' title='bbox 535 2963 578 3010; x_wconf 90' lang='lat' dir='ltr'>est</span> <span class='ocrx_word' id='word_1_253' title='bbox 606 2953 751 3028; x_wconf 89' lang='lat' dir='ltr'>inpunitas</span> <span class='ocrx_word' id='word_1_254' title='bbox 777 2953 929 3028; x_wconf 89' lang='lat' dir='ltr'>garriendi.</span> <span class='ocrx_word' id='word_1_255' title='bbox 977 2956 1016 3012; x_wconf 86' lang='lat' dir='ltr'>At</span> <span class='ocrx_word' id='word_1_256' title='bbox 1043 2973 1135 3029; x_wconf 90' lang='lat' dir='ltr'>quam</span> 
     </span>
     <span class='ocr_line' id='line_1_29' title="bbox 38 3040 1133 3146; baseline 0.004 -39"><span class='ocrx_word' id='word_1_257' title='bbox 38 3040 218 3146; x_wconf 53' lang='lat' dir='ltr'>{Oglieentert</span> <span class='ocrx_word' id='word_1_258' title='bbox 272 3050 437 3106; x_wconf 83' lang='lat' dir='ltr'>Fluentium</span> <span class='ocrx_word' id='word_1_259' title='bbox 465 3050 631 3123; x_wconf 86' lang='lat' dir='ltr'>frequenter</span> <span class='ocrx_word' id='word_1_260' title='bbox 659 3051 787 3108; x_wconf 91' lang='lat' dir='ltr'>transitio</span> <span class='ocrx_word' id='word_1_261' title='bbox 813 3051 845 3108; x_wconf 87' lang='lat' dir='ltr'>fit</span> <span class='ocrx_word' id='word_1_262' title='bbox 872 3052 1026 3123; x_wconf 92' lang='lat' dir='ltr'>visionum,</span> <span class='ocrx_word' id='word_1_263' title='bbox 1056 3063 1089 3111; x_wconf 91' lang='lat' dir='ltr'>ut</span> <span class='ocrx_word' id='word_1_264' title='bbox 1116 3072 1133 3111; x_wconf 91' lang='lat' dir='ltr'>e</span> 
     </span>
     <span class='ocr_line' id='line_1_30' title="bbox 83 3145 1134 3222; baseline 0.005 -20"><span class='ocrx_word' id='word_1_265' title='bbox 83 3149 177 3203; x_wconf 79' lang='lat' dir='ltr'>inultis</span> <span class='ocrx_word' id='word_1_266' title='bbox 198 3165 256 3202; x_wconf 90' lang='lat' dir='ltr'>una</span> <span class='ocrx_word' id='word_1_267' title='bbox 277 3145 415 3202; x_wconf 86' lang='lat' dir='ltr'>videatur.</span> <span class='ocrx_word' id='word_1_268' title='bbox 461 3146 585 3203; x_wconf 82' lang='lat' dir='ltr'>Puderet</span> <span class='ocrx_word' id='word_1_269' title='bbox 601 3166 647 3204; x_wconf 88' lang='lat' dir='ltr'>me</span> <span class='ocrx_word' id='word_1_270' title='bbox 663 3148 760 3204; x_wconf 87' lang='lat' dir='ltr'>dicere</span> <span class='ocrx_word' id='word_1_271' title='bbox 777 3167 837 3205; x_wconf 91' lang='lat' dir='ltr'>non</span> <span class='ocrx_word' id='word_1_272' title='bbox 851 3148 1026 3222; x_wconf 88' lang='lat' dir='ltr'>intellegere,</span> <span class='ocrx_word' id='word_1_273' title='bbox 1042 3150 1066 3206; x_wconf 92' lang='lat' dir='ltr'>si</span> <span class='ocrx_word' id='word_1_274' title='bbox 1081 3169 1134 3208; x_wconf 94' lang='lat' dir='ltr'>vos</span> 
     </span>
     <span class='ocr_line' id='line_1_31' title="bbox 82 3228 1173 3321; baseline 0.006 -20"><span class='ocrx_word' id='word_1_275' title='bbox 82 3246 134 3318; x_wconf 76' lang='lat' dir='ltr'>ipsi</span> <span class='ocrx_word' id='word_1_276' title='bbox 150 3244 360 3317; x_wconf 82' lang='lat' dir='ltr'>intellegeretis,</span> <span class='ocrx_word' id='word_1_277' title='bbox 376 3244 425 3317; x_wconf 90' lang='lat' dir='ltr'>qui</span> <span class='ocrx_word' id='word_1_278' title='bbox 440 3244 493 3301; x_wconf 88' lang='lat' dir='ltr'>ista</span> <span class='ocrx_word' id='word_1_279' title='bbox 515 3243 679 3303; x_wconf 82' lang='lat' dir='ltr'>defenditis.</span> <span class='ocrx_word' id='word_1_280' title='bbox 724 3245 791 3318; x_wconf 87' lang='lat' dir='ltr'>Quo</span> <span class='ocrx_word' id='word_1_281' title='bbox 815 3244 904 3303; x_wconf 87' lang='lat' dir='ltr'>modo</span> <span class='ocrx_word' id='word_1_282' title='bbox 926 3228 1004 3302; x_wconf 91' lang='lat' dir='ltr'>enim</span> <span class='ocrx_word' id='word_1_283' title='bbox 1026 3247 1134 3321; x_wconf 88' lang='lat' dir='ltr'>probas</span> <span class='ocrx_word' id='word_1_284' title='bbox 1148 3271 1173 3308; x_wconf 82' lang='lat'>³0</span> 
     </span>
     <span class='ocr_line' id='line_1_32' title="bbox 82 3341 1134 3417; baseline 0.003 -19"><span class='ocrx_word' id='word_1_285' title='bbox 82 3343 263 3398; x_wconf 87' lang='lat' dir='ltr'>continenter</span> <span class='ocrx_word' id='word_1_286' title='bbox 294 3341 432 3414; x_wconf 83' lang='lat' dir='ltr'>imagines</span> <span class='ocrx_word' id='word_1_287' title='bbox 465 3341 551 3397; x_wconf 83' lang='lat' dir='ltr'>ferri?</span> <span class='ocrx_word' id='word_1_288' title='bbox 579 3352 636 3412; x_wconf 89' lang='lat' dir='ltr'>aut,</span> <span class='ocrx_word' id='word_1_289' title='bbox 670 3343 693 3398; x_wconf 92' lang='lat' dir='ltr'>si</span> <span class='ocrx_word' id='word_1_290' title='bbox 725 3343 915 3413; x_wconf 84' lang='lat' dir='ltr'>continenter,</span> <span class='ocrx_word' id='word_1_291' title='bbox 947 3360 1007 3417; x_wconf 91' lang='lat' dir='ltr'>quo</span> <span class='ocrx_word' id='word_1_292' title='bbox 1040 3343 1134 3401; x_wconf 92' lang='lat' dir='ltr'>modo</span> 
     </span>
     <span class='ocr_line' id='line_1_33' title="bbox 82 3439 1133 3514; baseline 0.003 -19"><span class='ocrx_word' id='word_1_293' title='bbox 82 3440 236 3495; x_wconf 77' lang='lat' dir='ltr'>aeternae?</span> <span class='ocrx_word' id='word_1_294' title='bbox 293 3439 552 3508; x_wconf 86' lang='lat' dir='ltr'>Innumerabilitas,</span> <span class='ocrx_word' id='word_1_295' title='bbox 599 3439 702 3513; x_wconf 90' lang='lat' dir='ltr'>inquis,</span> <span class='ocrx_word' id='word_1_296' title='bbox 748 3439 915 3514; x_wconf 89' lang='lat' dir='ltr'>suppeditat</span> <span class='ocrx_word' id='word_1_297' title='bbox 956 3449 1133 3499; x_wconf 88' lang='lat' dir='ltr'>atomorum.</span> 
     </span>
     <span class='ocr_line' id='line_1_34' title="bbox 83 3535 1134 3610; baseline 0.002 -17"><span class='ocrx_word' id='word_1_298' title='bbox 83 3538 161 3593; x_wconf 72' lang='lat' dir='ltr'>lium</span> <span class='ocrx_word' id='word_1_299' title='bbox 177 3535 280 3592; x_wconf 88' lang='lat' dir='ltr'>eadem</span> <span class='ocrx_word' id='word_1_300' title='bbox 297 3553 364 3607; x_wconf 90' lang='lat' dir='ltr'>ergo</span> <span class='ocrx_word' id='word_1_301' title='bbox 380 3535 433 3591; x_wconf 92' lang='lat' dir='ltr'>ista</span> <span class='ocrx_word' id='word_1_302' title='bbox 447 3535 541 3605; x_wconf 87' lang='lat' dir='ltr'>faciet,</span> <span class='ocrx_word' id='word_1_303' title='bbox 564 3545 595 3592; x_wconf 94' lang='lat' dir='ltr'>ut</span> <span class='ocrx_word' id='word_1_304' title='bbox 617 3536 673 3592; x_wconf 93' lang='lat' dir='ltr'>sint</span> <span class='ocrx_word' id='word_1_305' title='bbox 694 3537 793 3593; x_wconf 86' lang='lat' dir='ltr'>onmia</span> <span class='ocrx_word' id='word_1_306' title='bbox 814 3537 1010 3610; x_wconf 86' lang='lat' dir='ltr'>sempiterna?</span> <span class='ocrx_word' id='word_1_307' title='bbox 1052 3537 1134 3596; x_wconf 90' lang='lat' dir='ltr'>Con·</span> 
     </span>
     <span class='ocr_line' id='line_1_35' title="bbox 61 3628 1133 3709; baseline 0.002 -19"><span class='ocrx_word' id='word_1_308' title='bbox 61 3628 154 3708; x_wconf 78' lang='lat' dir='ltr'>¹sugis</span> <span class='ocrx_word' id='word_1_309' title='bbox 170 3633 207 3689; x_wconf 86' lang='lat' dir='ltr'>ad</span> <span class='ocrx_word' id='word_1_310' title='bbox 222 3632 461 3704; x_wconf 85' lang='lat' dir='ltr'>aequilibritatem</span> <span class='ocrx_word' id='word_1_311' title='bbox 480 3632 536 3704; x_wconf 89' lang='lat' dir='ltr'>(sic</span> <span class='ocrx_word' id='word_1_312' title='bbox 558 3633 636 3688; x_wconf 89' lang='lat' dir='ltr'>enim</span> <span class='ocrx_word' id='word_1_313' title='bbox 660 3633 808 3707; x_wconf 74' lang='grc' dir='ltr'>ἰσονομίαν,</span> <span class='ocrx_word' id='word_1_314' title='bbox 830 3634 853 3690; x_wconf 91' lang='lat' dir='ltr'>si</span> <span class='ocrx_word' id='word_1_315' title='bbox 875 3634 980 3708; x_wconf 89' lang='lat' dir='ltr'>placet,</span> <span class='ocrx_word' id='word_1_316' title='bbox 1002 3635 1133 3709; x_wconf 88' lang='lat' dir='ltr'>appelle-</span> 
     </span>
     <span class='ocr_line' id='line_1_36' title="bbox 81 3730 1172 3806; baseline 0.005 -18"><span class='ocrx_word' id='word_1_317' title='bbox 81 3731 160 3806; x_wconf 87' lang='lat' dir='ltr'>mus)</span> <span class='ocrx_word' id='word_1_318' title='bbox 180 3740 209 3787; x_wconf 89' lang='lat' dir='ltr'>ct</span> <span class='ocrx_word' id='word_1_319' title='bbox 224 3730 273 3800; x_wconf 84' lang='lat' dir='ltr'>ais,</span> <span class='ocrx_word' id='word_1_320' title='bbox 290 3730 427 3804; x_wconf 87' lang='lat' dir='ltr'>quoniam</span> <span class='ocrx_word' id='word_1_321' title='bbox 442 3730 478 3787; x_wconf 92' lang='lat' dir='ltr'>sit</span> <span class='ocrx_word' id='word_1_322' title='bbox 491 3740 593 3787; x_wconf 88' lang='lat' dir='ltr'>natura</span> <span class='ocrx_word' id='word_1_323' title='bbox 607 3730 742 3804; x_wconf 89' lang='lat' dir='ltr'>mortalis,</span> <span class='ocrx_word' id='word_1_324' title='bbox 755 3730 936 3789; x_wconf 88' lang='lat' dir='ltr'>inmortalem</span> <span class='ocrx_word' id='word_1_325' title='bbox 958 3731 1046 3789; x_wconf 90' lang='lat' dir='ltr'>etiam</span> <span class='ocrx_word' id='word_1_326' title='bbox 1068 3750 1134 3791; x_wconf 87' lang='lat' dir='ltr'>esse</span> <span class='ocrx_word' id='word_1_327' title='bbox 1147 3754 1172 3795; x_wconf 80' lang='lat' dir='ltr'>ss</span> 
     </span>
    </p>
   </div>
   <div class='ocr_carea' id='block_1_3' title="bbox 0 0 1235 4102">
    <p class='ocr_par' dir='ltr' id='par_1_3' title="bbox 0 0 1235 4102">
     <span class='ocr_line' id='line_1_37' title="bbox 0 0 1235 4102; baseline 0 0"><span class='ocrx_word' id='word_1_328' title='bbox 0 0 1235 4102; x_wconf 95' lang='lat' dir='ltr'> </span> 
     </span>
    </p>
   </div>
  </div>
 </body>
</html>
