2446 4102
95 278 139 342 94
424 271 472 320 DE
493 271 639 320 NATURA
661 268 822 321 DEORUM.

96 429 238 499 omnium,
248 445 322 502 quae
335 437 409 484 terra
418 425 547 499 marique
558 425 722 499 gignuntur,
732 425 813 482 initia
821 443 986 502 causaeque
996 426 1152 490 ducuntur.

57 546 83 586 to
97 530 159 585 Iam
175 528 242 584 solis
256 544 369 583 annuos
384 543 484 582 cursus
498 524 597 598 spatiis
612 524 766 580 menstruis
780 523 849 581 luna
859 527 1058 600 consequitur,
1070 529 1152 587 cuius

95 625 296 682 tenuissimum
312 623 411 679 lumen
426 622 495 678 facit
508 621 657 695 proximus
672 638 808 678 accessus
828 620 867 679 ad
888 622 991 695 solem,
1006 623 1152 700 digressus

96 733 193 779 autem
218 721 402 795 longissimus
425 719 548 792 quisque
576 717 786 792 plenissimum.
829 719 936 794 Neque
966 721 1062 778 solum
1091 724 1152 780 eius

96 820 209 894 species
234 836 268 875 ac
294 818 387 874 forma
411 825 538 872 mutatur
563 825 625 872 tum
653 814 826 887 crescendo,
848 824 911 873 turn
936 816 1101 877 defectibus
1123 815 1181 877 ins

95 918 176 974 initia
189 913 375 983 recurrendo,
391 912 445 970 sed
467 913 554 969 etiam
569 913 658 986 regio,
674 930 748 985 quae
769 921 832 970 tum
854 922 897 970 est
918 915 1075 988 aquilonia,
1091 924 1152 974 tum

95 1014 233 1072 australis.
275 1013 348 1069 Inde
362 1012 391 1067 in
412 1010 497 1066 lunae
513 1027 631 1083 quoque
653 1027 737 1066 cursu
758 1019 802 1067 est
821 1019 850 1067 et
869 1010 988 1068 brumae
1004 1012 1152 1086 quaedam

95 1121 124 1169 et
139 1111 250 1168 solstitii
265 1107 432 1178 similitudo,
448 1107 596 1180 multaque
619 1106 656 1163 ab
679 1124 714 1163 ea
736 1116 855 1164 manant
877 1117 907 1164 et
928 1107 1031 1180 fluunt,
1046 1110 1151 1184 quibus

95 1218 124 1265 et
138 1209 300 1265 animantes
314 1206 425 1262 alantur
439 1213 654 1278 augescantque
670 1212 699 1260 et
713 1204 875 1277 pubescant
896 1205 1151 1282 maturitatemque

52 1293 301 1399 {})adsequantur,
327 1320 402 1376 quae
427 1302 556 1359 oriuntur
580 1318 596 1357 e
623 1308 707 1356 terra.
751 1301 891 1358 Maxume
915 1320 984 1359 vero
1009 1304 1187 1362 suntad-10

96 1404 238 1460 mirabiles
260 1412 355 1458 motus
379 1418 478 1457 earum
499 1399 628 1472 quinque
652 1398 804 1468 stellarum,
820 1416 896 1472 quae
918 1399 989 1458 falso
1011 1411 1152 1460 vocantur

95 1511 230 1559 errantes.
274 1498 354 1555 Nihil
375 1498 453 1553 enim
469 1506 551 1566 errat,
566 1494 647 1569 quod
662 1495 691 1552 in
706 1496 786 1552 omni
808 1497 977 1554 aeternitate
999 1509 1152 1558 conservat

95 1615 262 1674 progressus
284 1605 313 1652 et
333 1612 478 1668 regressus
500 1594 685 1666 reliquosque
708 1602 804 1649 motus
828 1595 988 1651 constantis
1012 1605 1041 1652 et
1063 1606 1150 1655 ratos.

96 1695 187 1770 Quod
202 1712 237 1751 eo
253 1703 296 1750 est
311 1691 505 1749 admirabilius
523 1691 552 1746 in
574 1689 617 1746 his
641 1690 736 1759 stellis,
752 1708 825 1763 quas
848 1688 982 1762 dicimuS,
998 1692 1068 1766 quia
1090 1701 1152 1752 tum

95 1793 286 1859 occultantur,
302 1800 364 1847 tum
385 1806 479 1845 rursus
503 1787 677 1862 aperiuntur,
693 1795 755 1843 tum
779 1785 897 1858 adeunt,
913 1796 976 1844 turn
998 1789 1150 1863 recedunt,
1165 1813 1186 1852 ιε

96 1899 157 1946 tum
172 1886 359 1957 antecedunt,
374 1895 436 1942 tum
451 1896 549 1942 autem
564 1885 787 1958 subsequuntur,
803 1894 866 1941 tum
888 1884 1009 1943 celerius
1031 1905 1151 1946 moven-

95 1997 149 2057 tur,
175 1995 237 2043 tum
262 1983 380 2054 tardius,
402 1991 464 2039 tum
487 1983 607 2039 omnino
636 2000 673 2039 ne
699 1991 852 2039 moventur
877 1983 1008 2056 quidem,
1033 1985 1086 2043 sed
1114 1986 1152 2045 ad

97 2082 248 2158 quoddam
262 2091 377 2155 tempus
392 2080 534 2137 insistunt.
577 2080 707 2152 Quarum
730 2098 766 2136 ex
787 2080 950 2156 disparibus
973 2084 1152 2143 motionibus

97 2200 234 2255 magnum
257 2197 367 2235 annum
391 2176 589 2256 mathematici
610 2178 840 2248 nominaverunt,
861 2179 911 2253 qui
933 2188 996 2237 turn
1021 2180 1151 2253 efficitur,

97 2298 164 2336 cum
187 2278 253 2334 solis
276 2286 305 2332 et
325 2275 410 2333 lunae
432 2284 460 2331 et
476 2275 604 2348 quinque
628 2275 781 2331 errantium
808 2275 846 2332 ad
871 2275 996 2334 eandem
1023 2278 1098 2335 inter
1121 2296 1188 2337 seao

97 2375 346 2449 comparationem
374 2372 515 2429 confectis
544 2372 675 2428 omnium
700 2373 797 2447 spatiis
823 2384 867 2430 est
891 2374 968 2432 facta
989 2377 1151 2435 conversio

59 2492 84 2531 ru
99 2475 182 2547 Quae
201 2490 288 2546 quam
309 2472 396 2544 longa
417 2470 461 2539 sit,
478 2488 582 2543 magna
597 2470 729 2543 quaestio
751 2480 803 2541 est,
819 2488 882 2528 esse
898 2489 966 2528 vero
990 2484 1102 2531 certam
1124 2483 1153 2532 et

98 2571 249 2628 delinitam
276 2585 397 2625 necesse
426 2577 478 2624 est.
522 2567 599 2623 Nam
628 2585 671 2638 ea,
693 2585 767 2640 quae
796 2568 909 2626 Saturni
936 2570 1021 2626 stella
1048 2570 1153 2629 dicitur

98 2667 260 2740 datumque
283 2685 300 2722 a
321 2665 440 2724 Graecis
462 2664 635 2734 nominatur,
651 2682 725 2737 quae
745 2683 763 2721 a
784 2674 860 2722 terra
882 2666 965 2723 abest
986 2668 1152 2741 plurimum,

98 2781 162 2821 xxx
185 2765 243 2820 fere
263 2764 345 2819 annis
361 2781 476 2819 cursum
492 2780 577 2818 suum
592 2762 720 2831 conficit,
737 2762 766 2818 in
781 2780 841 2836 quo
856 2781 941 2820 cursu
962 2764 1054 2822 multa
1068 2766 1150 2823 mira-
1164 2784 1186 2822 πε

99 2863 192 2919 biliter
211 2860 338 2917 efficiens
360 2869 422 2916 tum
444 2859 659 2929 antecedendo,
675 2869 737 2916 tum
758 2859 943 2930 retardando
959 2868 1022 2918 turn
1036 2880 1151 2937 vesper-

98 2960 165 3016 tinis
189 2957 367 3030 temporibus
393 2956 595 3026 delitiscendo
610 2966 673 3013 tum
697 2957 843 3014 matutinis
866 2975 979 3014 rursum
1003 2976 1035 3016 se
1061 2960 1152 3035 aperi·

100 3055 186 3124 end0,
202 3055 272 3110 nihil
287 3055 409 3110 inmutat
424 3054 605 3128 sempiternis
621 3054 782 3111 saeclorum
797 3054 946 3124 aetatibus,
962 3055 1034 3130 quin
1048 3056 1153 3115 eadem

100 3152 193 3210 isdem
218 3151 397 3224 temporibus
420 3150 535 3208 efficiat.
578 3151 656 3208 Infra
678 3161 775 3208 autem
798 3151 874 3208 hanc
896 3153 1017 3226 propius
1040 3171 1059 3210 a
1079 3164 1154 3211 terra

101 3250 177 3306 Iovis
193 3249 274 3304 stella
288 3249 383 3318 fertur,
399 3266 473 3322 quae
488 3246 600 3305 Φαέθων
615 3247 727 3318 dicitur,
743 3267 836 3322 eaque
858 3249 985 3306 eundem
1000 3267 1043 3308 x11
1057 3251 1152 3326 signo·
1166 3268 1189 3307 ³0

101 3366 164 3404 rum
186 3346 288 3403 orbem
311 3346 392 3402 annis
414 3362 456 3402 xrr
481 3345 600 3402 conficit
623 3344 810 3419 easdemque,
826 3363 898 3420 quas
923 3347 1037 3404 Saturni
1063 3349 1153 3420 stella,

63 3461 88 3502 sa
102 3444 190 3500 efficit
212 3444 242 3500 in
265 3461 349 3500 cursu
372 3443 531 3500 varietates
575 3443 655 3499 Huic
678 3453 775 3499 autem
798 3443 963 3516 proximum
988 3444 1154 3504 inferiorern

101 3543 202 3600 orbem
217 3551 297 3598 tenet
312 3540 435 3615 Πυρόεις,
451 3558 525 3614 quae
547 3541 628 3597 stella
649 3541 750 3597 Martis
773 3541 939 3614 appellatur,
955 3559 1050 3616 eaque
1071 3560 1112 3601 1111
1125 3553 1156 3601 et

101 3655 143 3697 xx
157 3639 304 3696 mensibus
318 3655 356 3708 vr,
373 3648 404 3695 ut
418 3638 530 3712 opinor,
546 3637 648 3695 diebus
664 3638 758 3694 minus
779 3637 907 3694 eundem
928 3638 1029 3696 lustrat
1042 3641 1155 3712 orbern,

102 3753 191 3810 quem
206 3735 282 3793 duae
297 3735 467 3810 superiores.
511 3735 589 3792 Infra
609 3734 684 3791 hanc
706 3744 803 3792 autem
826 3734 908 3792 stella
929 3735 1070 3795 Mercurii
1092 3747 1136 3796 est
1145 3757 1154 3812 ;
1168 3757 1190 3798 as
