2446 4102
130 263 170 324 82
457 275 506 323 on
527 275 673 326 uarum
692 275 853 326 DEORUM.

129 429 263 488 consules
284 446 357 487 esse.
399 431 530 503 Augures
551 447 614 486 rem
634 428 673 486 ad
693 439 826 487 senatum
837 451 845 501 3
868 441 995 503 senatus
1017 441 1050 490 ut
1069 433 1184 492 abdica·

129 538 192 584 rent
203 525 338 584 consules
350 546 358 596 ;
373 525 590 584 abdicaverunt.
634 527 719 599 Quae
731 527 895 601 quaerimus
912 530 1047 604 exempla
1058 532 1185 590 maiora?

128 626 179 681 Vir
196 624 424 698 sapientissimus
442 633 528 697 atque
549 623 628 681 haud
646 625 736 680 sciam
759 635 797 681 an
820 625 953 682 omnium
975 630 1183 701 praestantissi-

128 741 192 779 mus
208 731 362 796 peccatum
377 739 471 791 suum,
487 719 568 794 quod
584 721 670 777 celari
690 731 798 796 posset,
821 723 953 780 confiteri
975 724 1077 782 maluit
1098 745 1184 801 quarn

129 819 245 876 haerere
266 820 295 875 in
315 836 345 875 re
367 818 485 892 publica
505 818 685 892 religionem,
703 820 839 877 consules
861 838 1009 880 summurn
1030 823 1207 898 imperiums

128 918 224 974 statim
253 916 402 990 deponere
430 934 519 989 quam
547 914 578 972 id
606 925 705 972 tenere
737 927 880 991 punctum
913 921 1053 993 temporis
1085 932 1184 979 contra

92 1028 114 1068 n
127 1015 305 1088 religionem.
357 1015 468 1087 Magna
495 1031 636 1087 augurum
665 1014 820 1071 auctoritas
832 1034 841 1087 ;
873 1015 966 1089 quid?
997 1015 1181 1093 haruspicum

127 1131 172 1169 ars
186 1129 284 1168 nonne
299 1109 417 1167 divina?
459 1112 544 1167 Haec
559 1119 589 1167 et
599 1110 820 1168 innumerabilia
833 1129 870 1168 ex
887 1111 996 1169 eodem
1010 1131 1119 1188 genere
1134 1116 1182 1189 qui

127 1208 233 1279 videat,
261 1224 360 1264 nonne
390 1217 509 1281 cogatur
537 1208 669 1265 confiteri
698 1206 771 1265 deos
806 1209 892 1265 esse?
933 1208 1069 1282 Quomm
1104 1210 1181 1269 enim

126 1307 295 1380 interpretes
324 1313 398 1375 sunt,
428 1321 478 1361 eos
507 1304 586 1380 ipsos
615 1322 679 1362 esse
708 1314 787 1361 certe
819 1322 942 1362 necesse
973 1315 1037 1379 est;
1060 1306 1181 1365 deorum
1192 1333 1209 1359 10

126 1414 224 1461 autem
239 1403 410 1476 interpretes
425 1411 492 1458 sunt
502 1422 510 1473 ;
533 1401 605 1459 deos
620 1402 705 1477 igitur
725 1420 790 1460 esse
811 1403 961 1460 fateamur.
1004 1405 1043 1461 At
1064 1405 1181 1463 fortasse

125 1520 185 1559 non
205 1501 304 1557 omnia
328 1500 472 1570 eveniunt,
498 1518 573 1574 quae
596 1499 748 1574 praedicta
770 1509 845 1558 sunt.
889 1501 936 1558 Ne
960 1501 1040 1576 aegri
1063 1502 1181 1578 quidem

125 1599 273 1672 quianon
295 1614 398 1654 omnes
420 1597 637 1667 convalescunt,
660 1596 771 1654 idcirco
793 1616 837 1655 ars
858 1598 939 1655 nulla
959 1598 1111 1658 medicina
1130 1610 1179 1659 est.

125 1697 212 1770 Signa
242 1694 434 1752 ostenduntur
465 1713 482 1750 a
513 1693 558 1751 dis
589 1709 685 1751 rerum
717 1695 885 1753 futurarum.
929 1696 966 1753 In
998 1695 1044 1754 his
1077 1698 1102 1756 si
1133 1698 1180 1773 qui

125 1802 297 1863 erraverunt,
332 1810 393 1861 non
428 1790 551 1848 deorum
585 1801 696 1862 natura,
732 1792 785 1850 sed
823 1792 977 1850 hominum
1012 1795 1180 1854 coniectura
1189 1821 1208 1860 ις

124 1891 266 1966 peccavit.
310 1891 412 1964 Itaque
428 1890 502 1945 inter
516 1889 611 1946 omnis
626 1889 757 1946 omnium
771 1890 902 1964 gentium
917 1909 1034 1948 summa
1048 1901 1178 1967 constat3

124 1996 259 2053 omnibus
279 1994 356 2051 enim
374 1994 506 2050 innatum
526 2002 570 2050 est
591 2002 620 2050 et
641 1993 670 2050 in
692 1994 791 2050 animo
813 1993 894 2068 quasi
916 1993 1097 2071 insculptum
1117 2013 1178 2056 esse

87 2077 205 2182 gdeos.
258 2091 366 2165 Quales
389 2091 454 2161 sint,
478 2091 586 2146 varium
610 2100 662 2161 est,
686 2108 749 2148 esse
772 2109 860 2149 nemo
885 2100 981 2166 negat.
1024 2093 1178 2153 Cleanthes

123 2189 242 2264 quidem
257 2199 355 2246 noster
369 2196 503 2262 quattuor
518 2186 555 2244 de
578 2187 671 2245 causis
693 2187 765 2245 dixit
786 2188 816 2245 in
837 2188 940 2246 animis
962 2187 1118 2250 hominurn
1138 2192 1176 2250 in·

124 2287 256 2344 formatas
279 2285 400 2343 deorum
423 2302 485 2341 esse
507 2284 650 2343 notiones.
694 2286 820 2342 Primam
842 2285 939 2360 posuit
960 2303 1036 2358 eam,
1063 2288 1103 2346 de
1123 2306 1206 2365 quan

123 2383 213 2441 modo
235 2382 303 2453 dixi,
325 2400 399 2457 quae
422 2391 484 2438 orta
505 2392 581 2439 esset
602 2399 639 2438 ex
659 2383 864 2457 praesensione
885 2400 987 2440 rerum·
1002 2385 1176 2459 futurarum

123 2482 249 2552 alteram,
274 2499 361 2554 quam
384 2479 546 2553 ceperimus
568 2496 604 2535 ex
625 2478 824 2554 magnitudine
846 2479 1084 2554 commodorum,
1106 2498 1176 2558 quae

122 2578 318 2653 percipiuntur
332 2577 404 2633 caeli
419 2576 638 2650 temperatione,
655 2575 832 2634 fecunditate
846 2584 986 2645 terrarum
1000 2577 1176 2654 aliarumque

86 2689 110 2730 14
123 2675 365 2732 commoditatum
380 2675 561 2747 conplurium
577 2674 682 2749 copia;
704 2674 826 2743 tertiam,
843 2691 918 2747 quae
933 2682 1053 2733 terreret
1068 2677 1176 2735 animos

122 2773 297 2844 fulminibus,
312 2772 541 2847 tempestatibus,
557 2771 672 2842 nimbis,
687 2771 809 2842 nivibus
825 2769 1022 2846 grandinibus
1037 2774 1175 2845 vastitate,
1186 2798 1206 2838 ις

122 2871 292 2944 pestilentia,
328 2880 419 2926 terrae
455 2870 581 2927 motibus
616 2877 645 2926 et
680 2886 767 2943 saepe
802 2868 962 2925 fremitibus
996 2868 1176 2947 lapideisque

122 2967 260 3024 imbribus
289 2977 317 3023 et
345 2967 431 3040 guttis
460 2967 595 3024 imbrium
623 2967 705 3040 quasi
733 2965 868 3036 cruentis,
897 2974 960 3022 tum
987 2965 1103 3026 labibus
1130 2976 1176 3026 aut

122 3064 278 3138 repentinis
305 3072 444 3120 terrarum
471 3063 605 3134 hiatibus,
633 3071 696 3120 tum
724 3072 838 3137 praeter
865 3070 997 3119 naturam
1025 3062 1175 3124 hominum

121 3160 327 3235 pecudumque
343 3160 491 3234 portentis,
506 3169 568 3217 tum
583 3161 694 3218 facibus
714 3159 781 3216 visis
804 3159 984 3230 caelestibus,
1006 3168 1071 3219 tum
1092 3163 1175 3221 stellis

121 3261 163 3331 iis,
179 3279 250 3334 quas
266 3260 371 3318 Graeci
386 3270 524 3331 cometas,
539 3260 629 3318 nostri
650 3260 829 3317 cincinnatas
850 3268 966 3330 vocant,
988 3277 1066 3334 quae
1087 3278 1205 3338 nupera

120 3358 196 3415 bello
222 3358 384 3415 Octaviano
412 3374 581 3431 magnarum
608 3357 723 3414 fuerunt
751 3356 947 3414 calamitatum
975 3360 1172 3431 praenuntiae,

121 3464 182 3512 tum
197 3455 257 3511 sole
273 3455 427 3529 geminam,
444 3453 533 3528 quod,
547 3465 579 3511 ut
593 3472 609 3512 e
623 3464 705 3529 patre
720 3453 826 3524 audivi,
840 3453 990 3511 Tuditano
1009 3464 1040 3513 et
1061 3456 1173 3532 Aquilio

121 3553 287 3610 consulibus
311 3560 454 3620 evenerat,
479 3568 538 3624 quo
563 3550 682 3625 quidem
706 3569 784 3608 anno
810 3552 841 3608 P.
864 3550 1017 3609 Africanus
1042 3553 1088 3610 sol
1108 3554 1174 3611 alter

120 3652 263 3708 extinctus
300 3658 351 3722 est,
387 3648 491 3722 quibus
527 3648 650 3705 exterriti
685 3648 819 3706 homines
846 3648 906 3705 vim
934 3648 1087 3722 quandam
1115 3666 1172 3709 esse

82 3769 106 3809 15
120 3749 277 3806 caelestem
305 3757 333 3805 et
361 3746 488 3804 divinam
517 3745 653 3820 suspicati
681 3755 747 3803 sunt
757 3766 766 3818 ;
795 3754 926 3820 quartam
954 3763 1077 3807 causam
1104 3763 1200 3817 essem
