2446 4102
113 248 157 329 46
441 261 491 309 nn
512 260 658 310 NATURA
679 259 839 311 DEORUM.

114 417 208 476 tiones
230 416 371 475 habemus
382 435 391 488 ;
413 414 451 473 de
474 433 533 490 quo
558 424 657 472 autem
681 414 813 473 omnium
833 422 937 471 natura
957 413 1114 484 consentit,
1136 412 1167 472 id

114 534 215 573 verum
244 532 307 572 esse
336 531 456 570 necesse
487 523 548 585 est;
579 530 641 569 esse
670 513 755 586 igitur
780 511 852 569 deos
881 511 1085 569 confitendum
1114 520 1167 568 est.

115 613 206 688 Quod
221 612 360 687 quoniam
376 611 435 668 fere
450 620 564 668 constat
578 611 653 667 inter
667 610 762 667 omnis
776 627 837 666 non
851 608 1043 684 philosophos
1062 608 1168 680 solum,

114 709 167 768 sed
193 711 281 767 etiarn
307 708 452 780 indoctos
474 708 615 765 fateamur
640 718 773 765 constare
799 705 869 763 illud
894 707 991 777 etiam,
1013 705 1091 762 hanc
1114 723 1168 763 nos

114 808 220 865 habere
249 808 308 864 sive
337 806 584 881 anticipationem,
611 814 643 862 ut
670 814 736 861 ante
762 803 830 875 dixi,
856 803 914 861 sive
943 803 1197 878 praenotionems

114 905 237 963 deorum
268 904 350 981 (sunt
379 904 457 960 enim
486 903 571 960 rebus
600 902 682 959 novis
710 919 786 959 nova
813 900 953 975 ponenda
980 901 1113 972 nomina,
1138 909 1170 958 ut

115 1003 259 1078 Epicurus
281 1002 343 1076 ipse
365 999 508 1077 πρόληψιν
528 999 692 1074 appellavit,
708 1016 796 1072 quarn
816 1008 902 1055 antea
920 1015 1010 1055 nemo
1026 1015 1063 1054 eo
1078 998 1169 1055 verbo

76 1119 101 1160 45
113 1097 292 1175 nominarat)
303 1098 426 1155 -hanc
440 1097 525 1172 igitur
540 1096 691 1167 habemus,
706 1105 738 1152 ut
753 1095 825 1152 deos
839 1096 941 1153 beatos
957 1105 987 1151 et
1000 1095 1169 1152 inmortales

114 1207 259 1272 putemus.
311 1196 395 1270 Quae
425 1195 504 1251 eninr
531 1194 615 1251 nobis
643 1204 745 1250 natura
774 1193 1009 1250 informationem
1038 1193 1170 1267 ipsorum

115 1294 238 1352 deorum
260 1291 351 1364 dedit,
375 1291 480 1349 eadem
502 1291 652 1366 insculpsit
673 1291 703 1347 in
725 1290 879 1361 mentibus,
901 1299 933 1347 ut
957 1307 1008 1348 eos
1035 1299 1205 1347 aetem0s1o

115 1400 144 1449 et
157 1392 259 1449 beatos
275 1391 458 1447 haberemus.
502 1387 593 1461 Quod
615 1389 638 1445 si
660 1388 699 1445 ita
721 1397 773 1459 est,
787 1405 855 1445 vere
879 1387 1012 1462 exposita
1033 1387 1083 1444 illa
1105 1405 1170 1445 sen-

114 1489 205 1547 tentia
228 1498 272 1545 est
295 1488 331 1545 ab
355 1487 493 1561 Epicur0,
509 1485 591 1560 quod
612 1485 732 1543 beatum
755 1495 964 1559 aeternumque
989 1485 1035 1556 sit,
1057 1484 1090 1543 id
1114 1503 1171 1543 nec

115 1585 221 1643 habere
237 1586 333 1660 ipsum
347 1584 457 1659 negotii
468 1583 626 1657 quicquam
640 1601 697 1640 nec
709 1582 845 1640 exhibere
857 1582 945 1653 alteri,
958 1582 1058 1658 itaque
1072 1600 1171 1658 neque

115 1685 156 1740 ira
169 1701 266 1757 neque
281 1683 372 1757 gratia
385 1681 487 1752 teneri,
502 1679 592 1755 quod,
609 1698 684 1754 quae
699 1681 767 1737 talia
784 1689 889 1750 essent,
905 1679 1052 1737 imbecilla
1073 1690 1171 1739 essent

115 1782 223 1839 omnia.
267 1781 296 1838 Si
309 1780 381 1837 nihil
397 1778 476 1836 aliud
491 1797 705 1853 quaereremus,
721 1778 776 1835 nisi
796 1787 827 1835 ut
842 1777 914 1835 deos
936 1777 984 1852 pie
1006 1778 1171 1836 coleremus
1183 1802 1205 1841 15

115 1888 145 1936 et
158 1888 190 1935 ut
205 1877 409 1952 superstitione
430 1876 625 1948 liberaremur,
642 1876 709 1933 satis
731 1885 792 1933 erat
806 1875 937 1947 dictum,
959 1893 1029 1932 nam
1044 1884 1075 1934 et
1088 1894 1170 1951 prae·

101 1985 194 2033 ¹stans
209 1974 332 2031 deorum
346 1984 449 2030 natura
466 1974 618 2030 hominum
633 1974 742 2048 pietate
758 1974 909 2045 coleretur,
925 1991 994 2030 curn
1009 1984 1040 2030 et
1053 1984 1173 2031 aeterna

115 2082 192 2130 esset
207 2082 235 2128 et
254 2072 422 2129 beatissima
441 2070 544 2148 (habet
566 2071 642 2128 enirn
659 2070 876 2127 venerationem
899 2071 1013 2142 iustam,
1029 2069 1173 2145 quicquid

116 2169 260 2245 excellit),
276 2179 305 2226 ct
319 2178 414 2226 metus
436 2169 531 2226 omnis
553 2168 614 2225 avi
634 2178 721 2242 atque
744 2168 785 2224 ira
807 2167 929 2225 deorum
951 2168 1052 2243 pulsus
1075 2177 1171 2242 esset3

115 2268 289 2342 intellegitur
303 2267 383 2323 enim
403 2284 422 2323 a
441 2266 528 2322 beata
543 2266 745 2339 inmortalique
759 2275 862 2322 natura
876 2274 906 2322 et
919 2265 992 2322 iram
1006 2275 1036 2322 et
1051 2266 1172 2340 gratiam
1183 2288 1206 2316 ιο

115 2365 276 2440 segregari;
306 2364 411 2438 quibus
436 2363 553 2420 remotis
576 2363 670 2420 nullos
692 2382 710 2419 a
734 2363 845 2437 superis
870 2362 1041 2437 impendere
1066 2372 1171 2421 metus

115 2462 173 2522 Sed
189 2462 226 2519 ad
248 2462 325 2519 hane
340 2459 573 2519 confirmandam
587 2460 758 2534 opinionem
779 2461 905 2535 anquirit
927 2460 1041 2518 animus
1063 2471 1094 2518 et
1116 2462 1171 2519 for-

114 2580 194 2617 mam
210 2570 239 2618 et
252 2560 327 2617 vitae
343 2559 490 2615 actionem
504 2559 669 2631 mentisque
685 2558 872 2632 agitationem
887 2558 917 2614 in
932 2557 999 2616 de0.

72 2634 107 2740 {ff
155 2661 199 2714 Ac
214 2657 252 2714 de
267 2659 360 2714 forma
374 2655 495 2730 quidem
509 2656 614 2729 partim
629 2665 732 2713 natura
745 2674 799 2713 nos
814 2655 964 2727 admonet,
979 2656 1085 2731 partim
1100 2658 1172 2715 ratio

116 2755 212 2813 docet.
247 2756 324 2811 Nam
340 2773 358 2810 a
371 2763 473 2810 natura
488 2752 629 2809 habemus
641 2771 743 2810 ornnes
756 2753 887 2810 omniurn
899 2754 1029 2827 gentium
1041 2756 1173 2829 speciem
1185 2781 1206 2819 ης

116 2854 225 2909 nullam
240 2853 324 2909 aliam
346 2851 400 2908 nisi
422 2851 581 2907 humanam
596 2850 738 2922 deorum,
761 2869 835 2924 quae
851 2851 929 2908 enirn
944 2852 1037 2908 forma
1051 2852 1109 2910 alia
1122 2871 1172 2911 oc·

117 2951 204 3007 currit
225 2967 366 3022 umquam
388 2957 437 3003 aut
451 2947 579 3022 vigilanti
600 2948 737 3022 cuiquam
760 2958 809 3004 aut
831 2947 1009 3007 dormienti?
1050 2949 1110 3008 Sed
1135 2968 1173 3009 ne

116 3047 215 3104 omnia
242 3055 416 3102 revocentur
440 3044 478 3102 ad
505 3045 613 3119 primas
636 3046 789 3103 notiones:
819 3047 892 3103 ratio
917 3046 975 3104 hoc
1003 3045 1085 3104 idern
1110 3047 1175 3123 ipsa

77 3151 102 3194 47
117 3144 252 3202 declarat.
296 3144 374 3199 Nam
390 3162 458 3199 cum
479 3143 767 3216 praestantissumam
788 3153 930 3215 naturam,
944 3143 991 3200 vel
1005 3144 1074 3219 quia
1087 3144 1175 3202 beata

117 3253 160 3300 cst
170 3242 216 3298 vel
225 3242 293 3315 quia
307 3242 492 3315 sempiterna,
503 3241 658 3297 convenire
670 3240 803 3298 videatur
816 3240 943 3298 eandem
958 3259 1021 3298 esse
1036 3241 1173 3316 pulcher·
1186 3264 1208 3304 φ

115 3341 227 3409 rimam,
244 3358 318 3412 quac
344 3339 520 3413 compositio
545 3339 753 3409 membrorum,
776 3357 851 3412 quae
874 3339 1068 3396 conformatio
1091 3338 1172 3397 linia·

116 3447 291 3507 mentorum,
318 3454 392 3509 quae
430 3437 529 3510 figura,
556 3454 630 3509 quae
667 3436 780 3510 species
816 3436 943 3493 humana
973 3443 1072 3510 potest
1109 3454 1174 3495 esse

116 3533 283 3609 pulchrior?
322 3534 383 3589 Vos
399 3531 528 3606 quidem,
545 3533 646 3604 Lucili,
663 3533 760 3590 soletis
781 3533 863 3609 (nam
879 3533 968 3591 Cotta
981 3551 1065 3591 meus
1080 3532 1174 3593 modo

116 3631 183 3702 hoc,
198 3630 289 3687 modo
304 3628 405 3705 illud),
422 3648 490 3686 cum
505 3629 658 3686 artificium
673 3629 807 3703 effingitis
823 3630 1020 3704 fabricamque
1033 3629 1173 3705 divinam,

116 3746 205 3802 quarn
219 3729 276 3785 sint
290 3727 390 3785 omnia
403 3728 434 3784 in
449 3726 574 3784 hominis
592 3728 683 3802 figura
703 3746 765 3785 non
785 3726 876 3786 modo
899 3726 938 3785 ad
960 3746 1056 3799 usum,
1071 3747 1175 3789 verum
1185 3748 1207 3790 3³
