2446 4102
87 1313 111 1355 96

80 3614 116 3669 38

86 3682 111 3721 st

129 258 187 320 108
453 267 502 318 nn
523 268 668 319 Nurum
688 267 850 319 osonum.

124 443 161 483 ex
175 423 356 500 corpusculis
378 441 439 480 non
463 423 567 492 calore,
583 441 643 480 non
666 423 804 497 qualitate
824 423 929 498 aliqua,
944 442 1035 500 quam
1050 427 1185 504 ποιότητα

125 524 230 584 Graeci
246 531 359 592 vocant,
376 539 436 578 non
458 538 542 577 sensu
565 519 712 594 praeditis,
735 520 788 578 sed
809 524 1050 582 concurrentibus
1071 535 1182 584 temere

124 631 211 696 atquc
226 639 295 677 casu
310 618 453 675 mundum
469 635 532 674 esse
548 618 719 692 perfectum,
734 618 780 674 vel
799 617 1025 678 innumerabiles
1044 623 1140 696 potius
1154 624 1184 680 in

124 720 204 777 omni
219 727 330 792 puncto
347 716 485 790 temporis
504 715 573 772 alios
589 714 679 786 nasci,
695 715 767 772 alios
784 714 921 774 interire?
963 718 1080 792 Quodsi
1101 739 1183 777 mun·

124 817 195 873 dum
223 815 338 872 efficere
368 823 466 888 potest
491 830 651 871 concursus
680 821 853 886 atomomm,
879 831 930 871 cur
953 816 1109 890 porticum,
1132 836 1215 877 curs

124 913 274 988 templum,
297 930 348 969 cur
372 910 504 981 domum,
528 929 579 967 cur
597 910 700 967 urbem
721 928 782 968 non
803 913 921 986 potest?
942 930 1018 987 quae
1042 923 1109 972 sunt
1129 915 1183 972 mi-

124 1031 177 1070 nus
200 1028 322 1085 operosa
343 1018 373 1066 et
397 1009 489 1065 multo
512 1007 632 1083 quidem
655 1007 791 1066 faciliora.
840 1009 927 1067 Certe
950 1010 990 1068 ita
1012 1020 1122 1069 temere
1145 1011 1185 1070 de

124 1108 235 1167 mundo
251 1107 392 1178 effutiunt,
407 1115 439 1164 ut
460 1105 531 1164 mihi
553 1104 673 1180 quidem
696 1124 857 1180 numquam
879 1107 960 1165 hunc
981 1107 1184 1168 admirabilem

124 1207 197 1263 caeli
225 1215 369 1277 omatum,
392 1204 443 1279 qui
466 1205 549 1262 locus
577 1212 621 1262 est
648 1204 807 1278 proximus,
832 1206 997 1280 suspexisse
1021 1205 1183 1267 videantur.

125 1303 273 1361 Praeclare
295 1320 364 1377 ergo
378 1302 564 1359 Aristoteles:
597 1301 652 1360 ‘Si
681 1303 844 1374 essent',
869 1302 971 1378 inquit,
998 1305 1085 1379 ‘qui
1114 1306 1220 1364 sub10

123 1411 230 1458 terra
261 1417 417 1474 semper
445 1398 750 1457 habitavissent
779 1398 897 1458 bonis
927 1410 964 1459 et
994 1400 1182 1461 inlustri-

123 1499 194 1557 bus
222 1497 465 1568 domiciliis,
495 1514 594 1571 quae
623 1505 762 1554 essent
789 1506 934 1555 ornata
965 1498 1097 1574 signis
1124 1509 1183 1558 at-

125 1614 197 1671 que
226 1595 402 1670 picturis
430 1595 718 1668 instructaque
747 1595 867 1653 rebus
895 1594 946 1653 iis
977 1597 1182 1671 omnibus,

124 1693 268 1768 quibus
303 1691 512 1750 abundant
546 1692 591 1763 ii,
621 1692 689 1767 qui
722 1691 834 1750 beati
868 1701 1081 1769 putantur,
1109 1712 1183 1754 nec

125 1801 254 1848 tamen
283 1790 467 1847 exissent
501 1807 681 1864 umquam
716 1807 837 1864 supra
869 1798 1035 1864 terram,
1064 1810 1218 1857 acce-15

124 1888 282 1963 pissent
311 1896 441 1944 autem
474 1887 575 1943 fama
610 1895 647 1945 et
681 1885 1020 1947 auditione'esse
1055 1888 1181 1965 quod·

124 1983 210 2042 dam
250 2003 391 2041 numen
433 1992 471 2041 et
510 1984 587 2041 vim
627 1982 809 2056 deorum,
851 1983 1002 2043 deinde
1044 1986 1182 2062 aliquo

124 2090 305 2156 tempore
347 2081 572 2156 patefactis
613 2090 746 2139 terrae
784 2081 974 2140 faucibus
1013 2100 1060 2142 ex
1095 2084 1182 2143 illis

124 2178 281 2237 abditis
317 2178 484 2236 sedibus
521 2177 694 2236 evadere
732 2178 771 2236 in
809 2179 907 2237 haec
945 2179 1053 2254 loca,
1082 2199 1181 2257 quae

124 2294 194 2334 nos
230 2276 464 2346 incolimus,
500 2284 620 2349 atque
655 2275 764 2333 exire
799 2277 1060 2352 potuissent:
1096 2297 1217 2337 cuma

124 2383 293 2448 repente
318 2383 462 2430 terram
487 2382 525 2429 et
548 2373 671 2430 maria
694 2373 933 2450 caelumque
957 2375 1180 2450 vidissent,

124 2472 286 2528 nubium
314 2469 635 2544 magnitudinem
662 2480 955 2547 ventorumque
983 2474 1059 2532 vim
1087 2493 1180 2552 cog-

124 2569 336 2626 novissent
369 2567 708 2641 aspexissentque
740 2568 865 2626 solem
895 2569 1066 2645 eiusque
1096 2590 1180 2629 cum

124 2664 444 2740 magnitudinem
478 2664 930 2741 pulchritudinemque,
952 2675 1031 2725 tum
1061 2668 1180 2726 etiam

125 2763 399 2822 efficientiam
425 2762 734 2836 cognovissent,
760 2762 866 2837 quod
893 2764 925 2821 is
950 2763 1057 2823 diem
1084 2766 1215 2830 effi-25

125 2871 235 2919 ceret
263 2869 349 2917 toto
376 2859 489 2917 caelo
515 2859 604 2916 luce
630 2859 809 2932 diffusa3
834 2879 919 2918 cum
943 2870 1076 2920 autem
1099 2871 1178 2923 ter-

124 2978 184 3016 ras
212 2975 287 3015 nox
315 2966 550 3031 opacasset,
579 2966 658 3014 tum
686 2958 840 3015 caelum
875 2967 1003 3017 totum
1038 2978 1178 3020 cerne-

124 3065 212 3113 rent
246 3055 366 3111 astris
402 3053 643 3113 distinctum
682 3064 720 3114 et
758 3065 939 3113 ornatum
976 3057 1179 3134 lunaeque

124 3153 312 3209 luminum
339 3152 580 3209 varietatem
615 3161 693 3211 tum
729 3155 977 3228 crescentis,
1006 3165 1085 3215 tum
1120 3176 1179 3217 se·

124 3248 334 3307 nescentis
363 3268 580 3323 eorumque
609 3251 780 3309 omnium
808 3261 919 3311 ortus
944 3262 983 3311 et
1007 3272 1215 3317 occasusao

124 3356 243 3420 atque
272 3346 310 3403 in
338 3348 443 3404 omni
471 3349 721 3406 aeternitate
749 3359 858 3408 ratos
893 3350 1179 3413 inmutabiles-

124 3462 198 3518 que
234 3462 399 3515 cursus3
436 3463 533 3517 quae
569 3463 653 3502 cum
683 3446 888 3519 viderent,
918 3451 1110 3524 profecto
1145 3461 1180 3511 et

125 3560 213 3598 esse
243 3540 339 3598 deos
372 3549 408 3597 et
443 3541 540 3598 haec
579 3551 691 3600 tanta
728 3562 850 3618 opera
887 3544 1055 3607 deorum
1093 3567 1179 3609 esse

125 3639 449 3696 arbitrarentur!
501 3640 597 3712 Atque
626 3639 700 3696 haec
728 3640 847 3715 quidem
880 3641 936 3701 ille.
990 3645 1056 3705 Nos
1084 3658 1179 3706 autem

123 3736 257 3794 tenebras
279 3736 440 3810 cogitemus
461 3744 563 3808 tantas,
579 3745 703 3810 quantae
718 3738 869 3812 quondam
885 3741 1041 3816 eruptione
1056 3745 1179 3805 Aetnae·
1190 3760 1211 3801 ³⁵
