<?xml version="1.0" encoding="UTF-8"?>
<!DOCTYPE html PUBLIC "-//W3C//DTD XHTML 1.0 Transitional//EN"
    "http://www.w3.org/TR/xhtml1/DTD/xhtml1-transitional.dtd">
<html xmlns="http://www.w3.org/1999/xhtml" xml:lang="en" lang="en">
 <head>
  <title>
</title>
<meta http-equiv="Content-Type" content="text/html;charset=utf-8" />
  <meta name='ocr-system' content='tesseract 3.04.00' />
  <meta name='ocr-capabilities' content='ocr_page ocr_carea ocr_par ocr_line ocrx_word'/>
</head>
<body>
  <div class='ocr_page' id='page_1' title='image "./mtulliiciceroni00schgoog_0127.png"; bbox 0 0 2446 4102; ppageno 0'>
   <div class='ocr_carea' id='block_1_1' title="bbox 82 280 803 346">
    <p class='ocr_par' dir='ltr' id='par_1_1' title="bbox 82 280 803 346">
     <span class='ocr_line' id='line_1_1' title="bbox 82 280 803 346; baseline 0 -16"><span class='ocrx_word' id='word_1_1' title='bbox 82 284 143 346; x_wconf 88' lang='lat'>114</span> <span class='ocrx_word' id='word_1_2' title='bbox 405 281 454 330; x_wconf 86' lang='lat' dir='ltr'>DE</span> <span class='ocrx_word' id='word_1_3' title='bbox 474 281 620 331; x_wconf 86' lang='lat' dir='ltr'>NATURA</span> <span class='ocrx_word' id='word_1_4' title='bbox 643 280 803 331; x_wconf 86' lang='lat' dir='ltr'>DEORUM.</span> 
     </span>
    </p>
   </div>
   <div class='ocr_carea' id='block_1_2' title="bbox 78 411 1134 594">
    <p class='ocr_par' dir='ltr' id='par_1_2' title="bbox 78 411 1134 594">
     <span class='ocr_line' id='line_1_2' title="bbox 78 411 1134 512; baseline 0.001 -18"><span class='ocrx_word' id='word_1_5' title='bbox 78 446 177 495; x_wconf 90' lang='lat' dir='ltr'>autem</span> <span class='ocrx_word' id='word_1_6' title='bbox 191 437 425 510; x_wconf 82' lang='lat' dir='ltr'>Septentrionem</span> <span class='ocrx_word' id='word_1_7' title='bbox 440 435 578 510; x_wconf 90' lang='lat' dir='ltr'>Cepheus</span> <span class='ocrx_word' id='word_1_8' title='bbox 599 435 691 512; x_wconf 88' lang='lat' dir='ltr'>passis</span> <span class='ocrx_word' id='word_1_9' title='bbox 712 435 816 510; x_wconf 90' lang='lat' dir='ltr'>palmis</span> <span class='ocrx_word' id='word_1_10' title='bbox 837 453 855 492; x_wconf 92' lang='lat' dir='ltr'>a</span> <span class='ocrx_word' id='word_1_11' title='bbox 876 444 959 510; x_wconf 90' lang='lat' dir='ltr'>tergo</span> <span class='ocrx_word' id='word_1_12' title='bbox 981 411 1134 512; x_wconf 79' lang='lat' dir='ltr'>subsequi·</span> 
     </span>
     <span class='ocr_line' id='line_1_3' title="bbox 78 543 142 594; baseline -0.016 0"><span class='ocrx_word' id='word_1_13' title='bbox 78 543 125 594; x_wconf 88' lang='lat' dir='ltr'>tur</span> <span class='ocrx_word' id='word_1_14' title='bbox 136 556 142 593; x_wconf 91' lang='lat'>:</span> 
     </span>
    </p>
   </div>
   <div class='ocr_carea' id='block_1_3' title="bbox 161 655 1138 734">
    <p class='ocr_par' dir='ltr' id='par_1_3' title="bbox 161 655 1138 734">
     <span class='ocr_line' id='line_1_4' title="bbox 161 655 1138 734; baseline -0.002 -16"><span class='ocrx_word' id='word_1_15' title='bbox 161 661 324 734; x_wconf 92' lang='lat' dir='ltr'>Namque</span> <span class='ocrx_word' id='word_1_16' title='bbox 353 658 470 732; x_wconf 91' lang='lat' dir='ltr'>ipsum</span> <span class='ocrx_word' id='word_1_17' title='bbox 498 655 543 715; x_wconf 91' lang='lat' dir='ltr'>ad</span> <span class='ocrx_word' id='word_1_18' title='bbox 569 666 710 732; x_wconf 90' lang='lat' dir='ltr'>tergum</span> <span class='ocrx_word' id='word_1_19' title='bbox 737 657 951 733; x_wconf 84' lang='lat' dir='ltr'>Cynosurae</span> <span class='ocrx_word' id='word_1_20' title='bbox 980 659 1138 718; x_wconf 90' lang='lat' dir='ltr'>vertitur</span> 
     </span>
    </p>
   </div>
   <div class='ocr_carea' id='block_1_4' title="bbox 80 756 1168 913">
    <p class='ocr_par' dir='ltr' id='par_1_4' title="bbox 80 756 1168 913">
     <span class='ocr_line' id='line_1_5' title="bbox 812 756 1002 815; baseline 0.016 -3"><span class='ocrx_word' id='word_1_21' title='bbox 812 785 825 797; x_wconf 91' lang='lat'>-</span> <span class='ocrx_word' id='word_1_22' title='bbox 883 756 1002 815; x_wconf 89' lang='lat' dir='ltr'>Arcti.</span> 
     </span>
     <span class='ocr_line' id='line_1_6' title="bbox 80 837 1168 913; baseline -0.017 -14"><span class='ocrx_word' id='word_1_23' title='bbox 80 841 172 900; x_wconf 89' lang='lat' dir='ltr'>Hunc</span> <span class='ocrx_word' id='word_1_24' title='bbox 192 837 342 896; x_wconf 83' lang='lat' dir='ltr'>antecedit</span> <span class='ocrx_word' id='word_1_25' title='bbox 1157 875 1168 913; x_wconf 66' lang='lat'>5</span> 
     </span>
    </p>
   </div>
   <div class='ocr_carea' id='block_1_5' title="bbox 160 966 1176 1931">
    <p class='ocr_par' dir='ltr' id='par_1_5' title="bbox 162 966 932 1043">
     <span class='ocr_line' id='line_1_7' title="bbox 162 966 932 1043; baseline -0.004 -14"><span class='ocrx_word' id='word_1_26' title='bbox 162 971 327 1030; x_wconf 87' lang='lat' dir='ltr'>Obscura</span> <span class='ocrx_word' id='word_1_27' title='bbox 354 968 479 1042; x_wconf 90' lang='lat' dir='ltr'>specie</span> <span class='ocrx_word' id='word_1_28' title='bbox 508 966 696 1025; x_wconf 89' lang='lat' dir='ltr'>stellarum</span> <span class='ocrx_word' id='word_1_29' title='bbox 725 967 932 1043; x_wconf 86' lang='lat' dir='ltr'>Cassiepia.</span> 
     </span>
    </p>

    <p class='ocr_par' dir='ltr' id='par_1_6' title="bbox 162 1064 1139 1142">
     <span class='ocr_line' id='line_1_8' title="bbox 162 1064 1139 1142; baseline 0 -18"><span class='ocrx_word' id='word_1_30' title='bbox 162 1069 267 1125; x_wconf 91' lang='lat' dir='ltr'>Hanc</span> <span class='ocrx_word' id='word_1_31' title='bbox 296 1075 415 1122; x_wconf 89' lang='lat' dir='ltr'>autem</span> <span class='ocrx_word' id='word_1_32' title='bbox 442 1064 590 1121; x_wconf 88' lang='lat' dir='ltr'>inlustri</span> <span class='ocrx_word' id='word_1_33' title='bbox 614 1073 779 1122; x_wconf 89' lang='lat' dir='ltr'>versatur</span> <span class='ocrx_word' id='word_1_34' title='bbox 803 1082 960 1140; x_wconf 90' lang='lat' dir='ltr'>corpore</span> <span class='ocrx_word' id='word_1_35' title='bbox 984 1076 1139 1142; x_wconf 89' lang='lat' dir='ltr'>propter</span> 
     </span>
    </p>

    <p class='ocr_par' dir='ltr' id='par_1_7' title="bbox 160 1161 1138 1318">
     <span class='ocr_line' id='line_1_9' title="bbox 160 1161 1138 1239; baseline 0 -18"><span class='ocrx_word' id='word_1_36' title='bbox 160 1161 394 1222; x_wconf 87' lang='lat' dir='ltr'>Andromeda</span> <span class='ocrx_word' id='word_1_37' title='bbox 428 1161 623 1236; x_wconf 85' lang='lat' dir='ltr'>aufugiens</span> <span class='ocrx_word' id='word_1_38' title='bbox 663 1170 854 1236; x_wconf 88' lang='lat' dir='ltr'>aspectum</span> <span class='ocrx_word' id='word_1_39' title='bbox 896 1172 1037 1221; x_wconf 88' lang='lat' dir='ltr'>maesta</span> <span class='ocrx_word' id='word_1_40' title='bbox 1074 1182 1138 1239; x_wconf 89' lang='lat' dir='ltr'>pa·</span> 
     </span>
     <span class='ocr_line' id='line_1_10' title="bbox 884 1261 1015 1318; baseline 0.023 -3"><span class='ocrx_word' id='word_1_41' title='bbox 884 1261 1015 1318; x_wconf 80' lang='lat' dir='ltr'>rentiS.</span> 
     </span>
    </p>

    <p class='ocr_par' dir='ltr' id='par_1_8' title="bbox 161 1355 1176 1433">
     <span class='ocr_line' id='line_1_11' title="bbox 161 1355 1176 1433; baseline 0.002 -16"><span class='ocrx_word' id='word_1_42' title='bbox 161 1359 258 1417; x_wconf 90' lang='lat' dir='ltr'>Huic</span> <span class='ocrx_word' id='word_1_43' title='bbox 274 1359 396 1433; x_wconf 89' lang='lat' dir='ltr'>Equus</span> <span class='ocrx_word' id='word_1_44' title='bbox 415 1356 478 1414; x_wconf 91' lang='lat' dir='ltr'>ille</span> <span class='ocrx_word' id='word_1_45' title='bbox 496 1356 617 1414; x_wconf 92' lang='lat' dir='ltr'>iubam</span> <span class='ocrx_word' id='word_1_46' title='bbox 631 1355 802 1430; x_wconf 90' lang='lat' dir='ltr'>quatiens</span> <span class='ocrx_word' id='word_1_47' title='bbox 821 1355 965 1430; x_wconf 85' lang='lat' dir='ltr'>fulgore</span> <span class='ocrx_word' id='word_1_48' title='bbox 983 1358 1138 1416; x_wconf 86' lang='lat' dir='ltr'>micanti</span> <span class='ocrx_word' id='word_1_49' title='bbox 1153 1392 1176 1420; x_wconf 73' lang='grc' dir='ltr'>ιο</span> 
     </span>
    </p>

    <p class='ocr_par' dir='ltr' id='par_1_9' title="bbox 162 1453 1138 1636">
     <span class='ocr_line' id='line_1_12' title="bbox 162 1453 1138 1529; baseline -0.002 -13"><span class='ocrx_word' id='word_1_50' title='bbox 162 1458 340 1516; x_wconf 91' lang='lat' dir='ltr'>Summum</span> <span class='ocrx_word' id='word_1_51' title='bbox 368 1453 553 1528; x_wconf 90' lang='lat' dir='ltr'>contingit</span> <span class='ocrx_word' id='word_1_52' title='bbox 582 1462 691 1528; x_wconf 90' lang='lat' dir='ltr'>caput</span> <span class='ocrx_word' id='word_1_53' title='bbox 719 1453 814 1526; x_wconf 88' lang='lat' dir='ltr'>alvo,</span> <span class='ocrx_word' id='word_1_54' title='bbox 840 1454 1024 1529; x_wconf 88' lang='lat' dir='ltr'>stellaque</span> <span class='ocrx_word' id='word_1_55' title='bbox 1057 1456 1138 1514; x_wconf 89' lang='lat' dir='ltr'>iun·</span> 
     </span>
     <span class='ocr_line' id='line_1_13' title="bbox 882 1569 1053 1636; baseline 0.012 -28"><span class='ocrx_word' id='word_1_56' title='bbox 882 1569 970 1627; x_wconf 91' lang='lat' dir='ltr'>gens</span> <span class='ocrx_word' id='word_1_57' title='bbox 1050 1630 1053 1636; x_wconf 86' lang='lat'><em>.</em></span> 
     </span>
    </p>

    <p class='ocr_par' dir='ltr' id='par_1_10' title="bbox 160 1647 1109 1724">
     <span class='ocr_line' id='line_1_14' title="bbox 160 1647 1109 1724; baseline -0.001 -13"><span class='ocrx_word' id='word_1_58' title='bbox 160 1653 240 1712; x_wconf 91' lang='lat' dir='ltr'>Una</span> <span class='ocrx_word' id='word_1_59' title='bbox 268 1658 370 1708; x_wconf 89' lang='lat' dir='ltr'>tenet</span> <span class='ocrx_word' id='word_1_60' title='bbox 397 1648 566 1724; x_wconf 90' lang='lat' dir='ltr'>duplices</span> <span class='ocrx_word' id='word_1_61' title='bbox 595 1647 778 1705; x_wconf 90' lang='lat' dir='ltr'>communi</span> <span class='ocrx_word' id='word_1_62' title='bbox 806 1648 944 1706; x_wconf 90' lang='lat' dir='ltr'>lumine</span> <span class='ocrx_word' id='word_1_63' title='bbox 973 1651 1109 1710; x_wconf 89' lang='lat' dir='ltr'>formas</span> 
     </span>
    </p>

    <p class='ocr_par' dir='ltr' id='par_1_11' title="bbox 161 1745 1137 1824">
     <span class='ocr_line' id='line_1_15' title="bbox 161 1745 1137 1824; baseline 0.002 -17"><span class='ocrx_word' id='word_1_64' title='bbox 161 1753 357 1808; x_wconf 91' lang='lat' dir='ltr'>Aeternum</span> <span class='ocrx_word' id='word_1_65' title='bbox 382 1746 557 1824; x_wconf 75' lang='lat' dir='ltr'>exastris</span> <span class='ocrx_word' id='word_1_66' title='bbox 579 1745 734 1820; x_wconf 90' lang='lat' dir='ltr'>cupiens</span> <span class='ocrx_word' id='word_1_67' title='bbox 760 1756 959 1804; x_wconf 89' lang='lat' dir='ltr'>conectere</span> <span class='ocrx_word' id='word_1_68' title='bbox 985 1750 1137 1810; x_wconf 89' lang='lat' dir='ltr'>nodum.</span> 
     </span>
    </p>

    <p class='ocr_par' dir='ltr' id='par_1_12' title="bbox 162 1842 1175 1931">
     <span class='ocr_line' id='line_1_16' title="bbox 162 1842 1175 1931; baseline -0.003 -27"><span class='ocrx_word' id='word_1_69' title='bbox 162 1847 254 1905; x_wconf 87' lang='lat' dir='ltr'>Exin</span> <span class='ocrx_word' id='word_1_70' title='bbox 283 1843 464 1902; x_wconf 86' lang='lat' dir='ltr'>contortis</span> <span class='ocrx_word' id='word_1_71' title='bbox 492 1843 596 1900; x_wconf 89' lang='lat' dir='ltr'>Aries</span> <span class='ocrx_word' id='word_1_72' title='bbox 624 1860 704 1900; x_wconf 91' lang='lat' dir='ltr'>cum</span> <span class='ocrx_word' id='word_1_73' title='bbox 733 1842 907 1902; x_wconf 91' lang='lat' dir='ltr'>cornibus</span> <span class='ocrx_word' id='word_1_74' title='bbox 936 1844 1090 1931; x_wconf 82' lang='lat' dir='ltr'>haeret;</span> <span class='ocrx_word' id='word_1_75' title='bbox 1152 1873 1175 1911; x_wconf 71' lang='grc' dir='ltr'>ις</span> 
     </span>
    </p>
   </div>
   <div class='ocr_carea' id='block_1_6' title="bbox 80 2003 310 2072">
    <p class='ocr_par' dir='ltr' id='par_1_13' title="bbox 80 2003 310 2072">
     <span class='ocr_line' id='line_1_17' title="bbox 80 2003 310 2072; baseline -0.017 -18"><span class='ocrx_word' id='word_1_76' title='bbox 80 2014 169 2072; x_wconf 93' lang='lat' dir='ltr'>quem</span> <span class='ocrx_word' id='word_1_77' title='bbox 190 2003 310 2070; x_wconf 87' lang='lat' dir='ltr'>propter</span> 
     </span>
    </p>
   </div>
   <div class='ocr_carea' id='block_1_7' title="bbox 163 2123 1138 2298">
    <p class='ocr_par' dir='ltr' id='par_1_14' title="bbox 163 2123 1138 2298">
     <span class='ocr_line' id='line_1_18' title="bbox 163 2123 1138 2200; baseline 0.002 -15"><span class='ocrx_word' id='word_1_78' title='bbox 163 2129 302 2197; x_wconf 77' lang='lat' dir='ltr'>PisceS,</span> <span class='ocrx_word' id='word_1_79' title='bbox 326 2143 477 2200; x_wconf 89' lang='lat' dir='ltr'>quorum</span> <span class='ocrx_word' id='word_1_80' title='bbox 505 2123 598 2181; x_wconf 89' lang='lat' dir='ltr'>alter</span> <span class='ocrx_word' id='word_1_81' title='bbox 624 2123 770 2198; x_wconf 92' lang='lat' dir='ltr'>paulurn</span> <span class='ocrx_word' id='word_1_82' title='bbox 798 2125 1029 2199; x_wconf 86' lang='lat' dir='ltr'>praelabitur</span> <span class='ocrx_word' id='word_1_83' title='bbox 1052 2138 1138 2187; x_wconf 89' lang='lat' dir='ltr'>ante</span> 
     </span>
     <span class='ocr_line' id='line_1_19' title="bbox 164 2216 1114 2298; baseline 0 -14"><span class='ocrx_word' id='word_1_84' title='bbox 164 2228 207 2284; x_wconf 89' lang='lat' dir='ltr'>Et</span> <span class='ocrx_word' id='word_1_85' title='bbox 236 2224 347 2298; x_wconf 88' lang='lat' dir='ltr'>magis</span> <span class='ocrx_word' id='word_1_86' title='bbox 376 2221 567 2279; x_wconf 86' lang='lat' dir='ltr'>horriferis</span> <span class='ocrx_word' id='word_1_87' title='bbox 595 2221 780 2296; x_wconf 92' lang='lat' dir='ltr'>aquilonis</span> <span class='ocrx_word' id='word_1_88' title='bbox 808 2223 972 2298; x_wconf 85' lang='lat' dir='ltr'>tangitur</span> <span class='ocrx_word' id='word_1_89' title='bbox 999 2216 1114 2284; x_wconf 81' lang='lat' dir='ltr'>auris.</span> 
     </span>
    </p>
   </div>
   <div class='ocr_carea' id='block_1_8' title="bbox 37 2349 891 2457">
    <p class='ocr_par' dir='ltr' id='par_1_15' title="bbox 37 2349 891 2457">
     <span class='ocr_line' id='line_1_20' title="bbox 37 2349 891 2457; baseline 0.002 -29"><span class='ocrx_word' id='word_1_90' title='bbox 37 2349 129 2457; x_wconf 55' lang='lat' dir='ltr'>ffiAd</span> <span class='ocrx_word' id='word_1_91' title='bbox 149 2375 242 2451; x_wconf 88' lang='lat' dir='ltr'>pedes</span> <span class='ocrx_word' id='word_1_92' title='bbox 263 2370 469 2431; x_wconf 89' lang='lat' dir='ltr'>Andromedae</span> <span class='ocrx_word' id='word_1_93' title='bbox 492 2371 613 2427; x_wconf 91' lang='lat' dir='ltr'>Perseus</span> <span class='ocrx_word' id='word_1_94' title='bbox 635 2367 814 2442; x_wconf 90' lang='lat' dir='ltr'>describitur,</span> <span class='ocrx_word' id='word_1_95' title='bbox 888 2401 891 2408; x_wconf 95' lang='lat'>·</span> 
     </span>
    </p>
   </div>
   <div class='ocr_carea' id='block_1_9' title="bbox 163 2510 1177 2985">
    <p class='ocr_par' dir='ltr' id='par_1_16' title="bbox 163 2510 1177 2693">
     <span class='ocr_line' id='line_1_21' title="bbox 163 2510 1177 2598; baseline 0.002 -17"><span class='ocrx_word' id='word_1_96' title='bbox 163 2524 278 2598; x_wconf 90' lang='lat' dir='ltr'>Quem</span> <span class='ocrx_word' id='word_1_97' title='bbox 316 2538 450 2580; x_wconf 91' lang='lat' dir='ltr'>summa</span> <span class='ocrx_word' id='word_1_98' title='bbox 488 2519 530 2576; x_wconf 90' lang='lat' dir='ltr'>ab</span> <span class='ocrx_word' id='word_1_99' title='bbox 569 2519 720 2593; x_wconf 88' lang='lat' dir='ltr'>regione</span> <span class='ocrx_word' id='word_1_100' title='bbox 761 2518 946 2594; x_wconf 90' lang='lat' dir='ltr'>aquilonis</span> <span class='ocrx_word' id='word_1_101' title='bbox 987 2510 1177 2583; x_wconf 67' lang='lat' dir='ltr'>flaminaw</span> 
     </span>
     <span class='ocr_line' id='line_1_22' title="bbox 886 2619 1049 2693; baseline 0.025 -17"><span class='ocrx_word' id='word_1_102' title='bbox 886 2619 1049 2693; x_wconf 88' lang='lat' dir='ltr'>pulsant.</span> 
     </span>
    </p>

    <p class='ocr_par' dir='ltr' id='par_1_17' title="bbox 163 2695 1137 2872">
     <span class='ocr_line' id='line_1_23' title="bbox 163 2695 1137 2793; baseline -0.001 -15"><span class='ocrx_word' id='word_1_103' title='bbox 163 2720 274 2779; x_wconf 90' lang='lat' dir='ltr'>Cuius</span> <span class='ocrx_word' id='word_1_104' title='bbox 297 2727 448 2793; x_wconf 89' lang='lat' dir='ltr'>propter</span> <span class='ocrx_word' id='word_1_105' title='bbox 470 2717 611 2772; x_wconf 87' lang='lat' dir='ltr'>laevum</span> <span class='ocrx_word' id='word_1_106' title='bbox 634 2733 747 2790; x_wconf 85' lang='lat' dir='ltr'>genus</span> <span class='ocrx_word' id='word_1_107' title='bbox 771 2695 867 2772; x_wconf 87' lang='lat' dir='ltr'>omni</span> <span class='ocrx_word' id='word_1_108' title='bbox 891 2733 933 2772; x_wconf 86' lang='lat' dir='ltr'>ex</span> <span class='ocrx_word' id='word_1_109' title='bbox 957 2726 1062 2791; x_wconf 86' lang='lat' dir='ltr'>parte</span> <span class='ocrx_word' id='word_1_110' title='bbox 1084 2719 1137 2778; x_wconf 93' lang='lat' dir='ltr'>lo·</span> 
     </span>
     <span class='ocr_line' id='line_1_24' title="bbox 888 2823 989 2872; baseline 0.02 -2"><span class='ocrx_word' id='word_1_111' title='bbox 888 2823 989 2872; x_wconf 91' lang='lat' dir='ltr'>catas</span> 
     </span>
    </p>

    <p class='ocr_par' dir='ltr' id='par_1_18' title="bbox 164 2909 1061 2985">
     <span class='ocr_line' id='line_1_25' title="bbox 164 2909 1061 2985; baseline 0 -13"><span class='ocrx_word' id='word_1_112' title='bbox 164 2918 294 2973; x_wconf 89' lang='lat' dir='ltr'>Parvas</span> <span class='ocrx_word' id='word_1_113' title='bbox 322 2912 503 2985; x_wconf 86' lang='lat' dir='ltr'>Vergilias</span> <span class='ocrx_word' id='word_1_114' title='bbox 531 2912 633 2968; x_wconf 93' lang='lat' dir='ltr'>tenui</span> <span class='ocrx_word' id='word_1_115' title='bbox 661 2929 740 2969; x_wconf 88' lang='lat' dir='ltr'>curn</span> <span class='ocrx_word' id='word_1_116' title='bbox 768 2909 849 2968; x_wconf 90' lang='lat' dir='ltr'>luce</span> <span class='ocrx_word' id='word_1_117' title='bbox 877 2911 1061 2972; x_wconf 62' lang='lat' dir='ltr'>videbis*</span> 
     </span>
    </p>
   </div>
   <div class='ocr_carea' id='block_1_10' title="bbox 165 3009 1175 3183">
    <p class='ocr_par' dir='ltr' id='par_1_19' title="bbox 165 3009 1175 3183">
     <span class='ocr_line' id='line_1_26' title="bbox 165 3009 1175 3086; baseline 0.005 -16"><span class='ocrx_word' id='word_1_118' title='bbox 165 3012 254 3071; x_wconf 90' lang='lat' dir='ltr'>Inde</span> <span class='ocrx_word' id='word_1_119' title='bbox 285 3009 393 3068; x_wconf 90' lang='lat' dir='ltr'>Fides</span> <span class='ocrx_word' id='word_1_120' title='bbox 422 3012 544 3084; x_wconf 89' lang='lat' dir='ltr'>posita</span> <span class='ocrx_word' id='word_1_121' title='bbox 572 3020 606 3067; x_wconf 93' lang='lat' dir='ltr'>et</span> <span class='ocrx_word' id='word_1_122' title='bbox 628 3011 761 3067; x_wconf 89' lang='lat' dir='ltr'>leviter</span> <span class='ocrx_word' id='word_1_123' title='bbox 785 3029 950 3068; x_wconf 88' lang='lat' dir='ltr'>convexa</span> <span class='ocrx_word' id='word_1_124' title='bbox 973 3013 1175 3086; x_wconf 72' lang='lat' dir='ltr'>videtur.25</span> 
     </span>
     <span class='ocr_line' id='line_1_27' title="bbox 165 3108 1080 3183; baseline 0.002 -16"><span class='ocrx_word' id='word_1_125' title='bbox 165 3109 255 3168; x_wconf 92' lang='lat' dir='ltr'>Inde</span> <span class='ocrx_word' id='word_1_126' title='bbox 284 3117 339 3166; x_wconf 87' lang='lat' dir='ltr'>est</span> <span class='ocrx_word' id='word_1_127' title='bbox 367 3109 441 3165; x_wconf 89' lang='lat' dir='ltr'>ales</span> <span class='ocrx_word' id='word_1_128' title='bbox 471 3108 555 3166; x_wconf 92' lang='lat' dir='ltr'>Avis</span> <span class='ocrx_word' id='word_1_129' title='bbox 584 3109 659 3165; x_wconf 93' lang='lat' dir='ltr'>lato</span> <span class='ocrx_word' id='word_1_130' title='bbox 688 3108 752 3166; x_wconf 90' lang='lat' dir='ltr'>sub</span> <span class='ocrx_word' id='word_1_131' title='bbox 780 3109 940 3183; x_wconf 88' lang='lat' dir='ltr'>tegmine</span> <span class='ocrx_word' id='word_1_132' title='bbox 970 3112 1080 3169; x_wconf 90' lang='lat' dir='ltr'>caeli.</span> 
     </span>
    </p>
   </div>
   <div class='ocr_carea' id='block_1_11' title="bbox 83 3238 1138 3417">
    <p class='ocr_par' dir='ltr' id='par_1_20' title="bbox 83 3238 1138 3417">
     <span class='ocr_line' id='line_1_28' title="bbox 84 3238 1138 3317; baseline 0 -16"><span class='ocrx_word' id='word_1_133' title='bbox 84 3243 180 3317; x_wconf 91' lang='lat' dir='ltr'>Capiti</span> <span class='ocrx_word' id='word_1_134' title='bbox 202 3250 299 3298; x_wconf 89' lang='lat' dir='ltr'>autem</span> <span class='ocrx_word' id='word_1_135' title='bbox 318 3242 395 3316; x_wconf 89' lang='lat' dir='ltr'>Equi</span> <span class='ocrx_word' id='word_1_136' title='bbox 416 3241 549 3316; x_wconf 83' lang='lat' dir='ltr'>proxima</span> <span class='ocrx_word' id='word_1_137' title='bbox 569 3249 613 3298; x_wconf 86' lang='lat' dir='ltr'>est</span> <span class='ocrx_word' id='word_1_138' title='bbox 634 3239 752 3314; x_wconf 87' lang='lat' dir='ltr'>Aquarii</span> <span class='ocrx_word' id='word_1_139' title='bbox 774 3238 876 3297; x_wconf 85' lang='lat' dir='ltr'>dextra</span> <span class='ocrx_word' id='word_1_140' title='bbox 896 3249 1034 3315; x_wconf 90' lang='lat' dir='ltr'>totusque</span> <span class='ocrx_word' id='word_1_141' title='bbox 1054 3241 1138 3302; x_wconf 91' lang='lat' dir='ltr'>dein-</span> 
     </span>
     <span class='ocr_line' id='line_1_29' title="bbox 83 3340 326 3417; baseline -0.016 -18"><span class='ocrx_word' id='word_1_142' title='bbox 83 3359 154 3417; x_wconf 86' lang='lat' dir='ltr'>ceps</span> <span class='ocrx_word' id='word_1_143' title='bbox 175 3340 326 3414; x_wconf 86' lang='lat' dir='ltr'>Aquarius.</span> 
     </span>
    </p>
   </div>
   <div class='ocr_carea' id='block_1_12' title="bbox 163 3467 1177 3834">
    <p class='ocr_par' dir='ltr' id='par_1_21' title="bbox 163 3467 1177 3834">
     <span class='ocr_line' id='line_1_30' title="bbox 163 3467 1139 3546; baseline -0.001 -15"><span class='ocrx_word' id='word_1_144' title='bbox 163 3474 251 3531; x_wconf 90' lang='lat' dir='ltr'>Tum</span> <span class='ocrx_word' id='word_1_145' title='bbox 271 3470 433 3546; x_wconf 88' lang='lat' dir='ltr'>gelidum</span> <span class='ocrx_word' id='word_1_146' title='bbox 452 3469 575 3527; x_wconf 91' lang='lat' dir='ltr'>valido</span> <span class='ocrx_word' id='word_1_147' title='bbox 595 3467 638 3526; x_wconf 94' lang='lat' dir='ltr'>de</span> <span class='ocrx_word' id='word_1_148' title='bbox 656 3478 808 3543; x_wconf 90' lang='lat' dir='ltr'>pectore</span> <span class='ocrx_word' id='word_1_149' title='bbox 828 3469 941 3544; x_wconf 88' lang='lat' dir='ltr'>frigus</span> <span class='ocrx_word' id='word_1_150' title='bbox 959 3470 1139 3531; x_wconf 90' lang='lat' dir='ltr'>anhelans</span> 
     </span>
     <span class='ocr_line' id='line_1_31' title="bbox 165 3565 1177 3644; baseline -0.002 -15"><span class='ocrx_word' id='word_1_151' title='bbox 165 3571 327 3644; x_wconf 90' lang='lat' dir='ltr'>Corpore</span> <span class='ocrx_word' id='word_1_152' title='bbox 351 3568 523 3625; x_wconf 88' lang='lat' dir='ltr'>semifero</span> <span class='ocrx_word' id='word_1_153' title='bbox 546 3584 674 3640; x_wconf 90' lang='lat' dir='ltr'>magno</span> <span class='ocrx_word' id='word_1_154' title='bbox 695 3565 944 3639; x_wconf 90' lang='lat' dir='ltr'>Capricornus</span> <span class='ocrx_word' id='word_1_155' title='bbox 967 3566 1002 3623; x_wconf 94' lang='lat' dir='ltr'>in</span> <span class='ocrx_word' id='word_1_156' title='bbox 1024 3569 1177 3643; x_wconf 77' lang='lat' dir='ltr'>orbe330</span> 
     </span>
     <span class='ocr_line' id='line_1_32' title="bbox 166 3663 1088 3743; baseline -0.003 -17"><span class='ocrx_word' id='word_1_157' title='bbox 166 3670 280 3743; x_wconf 91' lang='lat' dir='ltr'>Quem</span> <span class='ocrx_word' id='word_1_158' title='bbox 308 3685 386 3722; x_wconf 88' lang='lat' dir='ltr'>cum</span> <span class='ocrx_word' id='word_1_159' title='bbox 414 3673 595 3739; x_wconf 90' lang='lat' dir='ltr'>perpetuo</span> <span class='ocrx_word' id='word_1_160' title='bbox 623 3663 773 3720; x_wconf 90' lang='lat' dir='ltr'>vestivit</span> <span class='ocrx_word' id='word_1_161' title='bbox 800 3663 935 3720; x_wconf 90' lang='lat' dir='ltr'>lumine</span> <span class='ocrx_word' id='word_1_162' title='bbox 963 3665 1088 3738; x_wconf 88' lang='lat' dir='ltr'>Titan,</span> 
     </span>
     <span class='ocr_line' id='line_1_33' title="bbox 166 3748 1138 3834; baseline 0 -8"><span class='ocrx_word' id='word_1_163' title='bbox 166 3764 327 3826; x_wconf 91' lang='lat' dir='ltr'>Brumali</span> <span class='ocrx_word' id='word_1_164' title='bbox 354 3762 512 3820; x_wconf 90' lang='lat' dir='ltr'>flectens</span> <span class='ocrx_word' id='word_1_165' title='bbox 541 3748 762 3834; x_wconf 67' lang='lat' dir='ltr'>contorquet</span> <span class='ocrx_word' id='word_1_166' title='bbox 788 3769 952 3834; x_wconf 88' lang='lat' dir='ltr'>tempore</span> <span class='ocrx_word' id='word_1_167' title='bbox 978 3780 1138 3826; x_wconf 90' lang='lat' dir='ltr'>currum.</span> 
     </span>
    </p>
   </div>
   <div class='ocr_carea' id='block_1_13' title="bbox 0 0 1228 4102">
    <p class='ocr_par' dir='ltr' id='par_1_22' title="bbox 0 0 1228 4102">
     <span class='ocr_line' id='line_1_34' title="bbox 0 0 1228 4102; baseline 0 0"><span class='ocrx_word' id='word_1_168' title='bbox 0 0 1228 4102; x_wconf 95' lang='lat' dir='ltr'> </span> 
     </span>
    </p>
   </div>
  </div>
 </body>
</html>
