<?xml version="1.0" encoding="UTF-8"?>
<!DOCTYPE html PUBLIC "-//W3C//DTD XHTML 1.0 Transitional//EN"
    "http://www.w3.org/TR/xhtml1/DTD/xhtml1-transitional.dtd">
<html xmlns="http://www.w3.org/1999/xhtml" xml:lang="en" lang="en">
 <head>
  <title>
</title>
<meta http-equiv="Content-Type" content="text/html;charset=utf-8" />
  <meta name='ocr-system' content='tesseract 3.04.00' />
  <meta name='ocr-capabilities' content='ocr_page ocr_carea ocr_par ocr_line ocrx_word'/>
</head>
<body>
  <div class='ocr_page' id='page_1' title='image "./mtulliiciceroni00schgoog_0099.png"; bbox 0 0 2446 4102; ppageno 0'>
   <div class='ocr_carea' id='block_1_1' title="bbox 111 253 833 321">
    <p class='ocr_par' dir='ltr' id='par_1_1' title="bbox 111 253 833 321">
     <span class='ocr_line' id='line_1_1' title="bbox 111 253 833 321; baseline 0.006 -7"><span class='ocrx_word' id='word_1_1' title='bbox 111 253 152 314; x_wconf 90' lang='lat'>86</span> <span class='ocrx_word' id='word_1_2' title='bbox 437 269 486 317; x_wconf 79' lang='lat' dir='ltr'>on</span> <span class='ocrx_word' id='word_1_3' title='bbox 505 269 651 319; x_wconf 82' lang='lat' dir='ltr'>NATURA</span> <span class='ocrx_word' id='word_1_4' title='bbox 673 268 833 321; x_wconf 80' lang='lat' dir='ltr'>DEORUM.</span> 
     </span>
    </p>
   </div>
   <div class='ocr_carea' id='block_1_2' title="bbox 69 422 1194 2058">
    <p class='ocr_par' dir='ltr' id='par_1_2' title="bbox 69 422 1194 2058">
     <span class='ocr_line' id='line_1_2' title="bbox 109 422 1160 500; baseline 0.008 -22"><span class='ocrx_word' id='word_1_5' title='bbox 109 440 197 496; x_wconf 90' lang='lat' dir='ltr'>quarn</span> <span class='ocrx_word' id='word_1_6' title='bbox 212 422 263 480; x_wconf 93' lang='lat' dir='ltr'>diu</span> <span class='ocrx_word' id='word_1_7' title='bbox 276 432 408 482; x_wconf 82' lang='lat' dir='ltr'>remanet</span> <span class='ocrx_word' id='word_1_8' title='bbox 422 423 452 480; x_wconf 94' lang='lat' dir='ltr'>in</span> <span class='ocrx_word' id='word_1_9' title='bbox 467 423 560 494; x_wconf 91' lang='lat' dir='ltr'>nobis,</span> <span class='ocrx_word' id='word_1_10' title='bbox 576 432 636 482; x_wconf 91' lang='lat' dir='ltr'>tam</span> <span class='ocrx_word' id='word_1_11' title='bbox 650 423 701 482; x_wconf 92' lang='lat' dir='ltr'>diu</span> <span class='ocrx_word' id='word_1_12' title='bbox 716 441 817 483; x_wconf 91' lang='lat' dir='ltr'>sensus</span> <span class='ocrx_word' id='word_1_13' title='bbox 833 432 862 483; x_wconf 92' lang='lat' dir='ltr'>et</span> <span class='ocrx_word' id='word_1_14' title='bbox 875 424 934 484; x_wconf 87' lang='lat' dir='ltr'>vita</span> <span class='ocrx_word' id='word_1_15' title='bbox 948 436 1099 500; x_wconf 80' lang='lat' dir='ltr'>remanet3</span> <span class='ocrx_word' id='word_1_16' title='bbox 1120 446 1160 485; x_wconf 92' lang='lat' dir='ltr'>re·</span> 
     </span>
     <span class='ocr_line' id='line_1_3' title="bbox 108 520 1161 599; baseline 0.005 -22"><span class='ocrx_word' id='word_1_17' title='bbox 108 520 241 594; x_wconf 90' lang='lat' dir='ltr'>frigerato</span> <span class='ocrx_word' id='word_1_18' title='bbox 257 531 354 577; x_wconf 90' lang='lat' dir='ltr'>autem</span> <span class='ocrx_word' id='word_1_19' title='bbox 370 530 398 578; x_wconf 94' lang='lat' dir='ltr'>et</span> <span class='ocrx_word' id='word_1_20' title='bbox 413 521 543 578; x_wconf 88' lang='lat' dir='ltr'>extincto</span> <span class='ocrx_word' id='word_1_21' title='bbox 557 521 653 579; x_wconf 90' lang='lat' dir='ltr'>calore</span> <span class='ocrx_word' id='word_1_22' title='bbox 668 522 831 580; x_wconf 91' lang='lat' dir='ltr'>occidimus</span> <span class='ocrx_word' id='word_1_23' title='bbox 846 523 901 597; x_wconf 94' lang='lat' dir='ltr'>ipsi</span> <span class='ocrx_word' id='word_1_24' title='bbox 916 535 945 580; x_wconf 91' lang='lat' dir='ltr'>et</span> <span class='ocrx_word' id='word_1_25' title='bbox 960 525 1161 599; x_wconf 81' lang='lat' dir='ltr'>extinguimur.</span> 
     </span>
     <span class='ocr_line' id='line_1_4' title="bbox 70 617 1162 695; baseline 0.008 -25"><span class='ocrx_word' id='word_1_26' title='bbox 70 631 95 670; x_wconf 74' lang='lat'>24</span> <span class='ocrx_word' id='word_1_27' title='bbox 109 617 199 690; x_wconf 91' lang='lat' dir='ltr'>Quod</span> <span class='ocrx_word' id='word_1_28' title='bbox 214 617 333 692; x_wconf 89' lang='lat' dir='ltr'>quidem</span> <span class='ocrx_word' id='word_1_29' title='bbox 349 618 506 676; x_wconf 89' lang='lat' dir='ltr'>Cleanthes</span> <span class='ocrx_word' id='word_1_30' title='bbox 528 618 571 675; x_wconf 90' lang='lat' dir='ltr'>his</span> <span class='ocrx_word' id='word_1_31' title='bbox 593 618 681 676; x_wconf 90' lang='lat' dir='ltr'>etiam</span> <span class='ocrx_word' id='word_1_32' title='bbox 695 620 870 693; x_wconf 88' lang='lat' dir='ltr'>argumentis</span> <span class='ocrx_word' id='word_1_33' title='bbox 885 619 985 690; x_wconf 91' lang='lat' dir='ltr'>docet,</span> <span class='ocrx_word' id='word_1_34' title='bbox 1001 632 1112 695; x_wconf 87' lang='lat' dir='ltr'>quanta</span> <span class='ocrx_word' id='word_1_35' title='bbox 1123 625 1162 679; x_wconf 92' lang='lat' dir='ltr'>vis</span> 
     </span>
     <span class='ocr_line' id='line_1_5' title="bbox 108 715 1162 791; baseline 0.007 -21"><span class='ocrx_word' id='word_1_36' title='bbox 108 715 173 771; x_wconf 92' lang='lat' dir='ltr'>insit</span> <span class='ocrx_word' id='word_1_37' title='bbox 189 715 292 772; x_wconf 89' lang='lat' dir='ltr'>caloris</span> <span class='ocrx_word' id='word_1_38' title='bbox 307 716 336 772; x_wconf 90' lang='lat' dir='ltr'>in</span> <span class='ocrx_word' id='word_1_39' title='bbox 352 717 432 773; x_wconf 89' lang='lat' dir='ltr'>omni</span> <span class='ocrx_word' id='word_1_40' title='bbox 447 733 588 791; x_wconf 88' lang='lat' dir='ltr'>corpore:</span> <span class='ocrx_word' id='word_1_41' title='bbox 612 725 699 790; x_wconf 86' lang='lat' dir='ltr'>negat</span> <span class='ocrx_word' id='word_1_42' title='bbox 714 716 792 773; x_wconf 93' lang='lat' dir='ltr'>enim</span> <span class='ocrx_word' id='word_1_43' title='bbox 807 733 870 773; x_wconf 91' lang='lat' dir='ltr'>esse</span> <span class='ocrx_word' id='word_1_44' title='bbox 887 717 977 774; x_wconf 89' lang='lat' dir='ltr'>ullum</span> <span class='ocrx_word' id='word_1_45' title='bbox 991 719 1091 777; x_wconf 91' lang='lat' dir='ltr'>cibum</span> <span class='ocrx_word' id='word_1_46' title='bbox 1105 729 1162 776; x_wconf 87' lang='lat' dir='ltr'>tarn</span> 
     </span>
     <span class='ocr_line' id='line_1_6' title="bbox 107 813 1188 888; baseline 0.005 -20"><span class='ocrx_word' id='word_1_47' title='bbox 107 830 233 886; x_wconf 87' lang='lat' dir='ltr'>gravem,</span> <span class='ocrx_word' id='word_1_48' title='bbox 263 814 332 887; x_wconf 90' lang='lat' dir='ltr'>quin</span> <span class='ocrx_word' id='word_1_49' title='bbox 360 813 383 871; x_wconf 95' lang='lat' dir='ltr'>is</span> <span class='ocrx_word' id='word_1_50' title='bbox 411 824 499 871; x_wconf 91' lang='lat' dir='ltr'>nocte</span> <span class='ocrx_word' id='word_1_51' title='bbox 525 822 554 870; x_wconf 91' lang='lat' dir='ltr'>et</span> <span class='ocrx_word' id='word_1_52' title='bbox 582 813 630 871; x_wconf 92' lang='lat' dir='ltr'>die</span> <span class='ocrx_word' id='word_1_53' title='bbox 658 823 879 888; x_wconf 88' lang='lat' dir='ltr'>concoquatur;</span> <span class='ocrx_word' id='word_1_54' title='bbox 909 814 992 872; x_wconf 89' lang='lat' dir='ltr'>cuius</span> <span class='ocrx_word' id='word_1_55' title='bbox 1020 816 1109 873; x_wconf 89' lang='lat' dir='ltr'>etiam</span> <span class='ocrx_word' id='word_1_56' title='bbox 1135 817 1188 873; x_wconf 82' lang='lat' dir='ltr'>ins</span> 
     </span>
     <span class='ocr_line' id='line_1_7' title="bbox 107 910 1162 986; baseline 0.006 -21"><span class='ocrx_word' id='word_1_57' title='bbox 107 910 233 984; x_wconf 91' lang='lat' dir='ltr'>reliquiis</span> <span class='ocrx_word' id='word_1_58' title='bbox 248 911 323 968; x_wconf 93' lang='lat' dir='ltr'>inest</span> <span class='ocrx_word' id='word_1_59' title='bbox 338 911 416 968; x_wconf 88' lang='lat' dir='ltr'>calor</span> <span class='ocrx_word' id='word_1_60' title='bbox 430 912 472 982; x_wconf 92' lang='lat' dir='ltr'>iis,</span> <span class='ocrx_word' id='word_1_61' title='bbox 488 929 560 985; x_wconf 89' lang='lat' dir='ltr'>quas</span> <span class='ocrx_word' id='word_1_62' title='bbox 581 920 683 968; x_wconf 85' lang='lat' dir='ltr'>natura</span> <span class='ocrx_word' id='word_1_63' title='bbox 702 911 852 986; x_wconf 91' lang='lat' dir='ltr'>respuerit.</span> <span class='ocrx_word' id='word_1_64' title='bbox 896 912 961 968; x_wconf 90' lang='lat' dir='ltr'>Iam</span> <span class='ocrx_word' id='word_1_65' title='bbox 982 930 1053 971; x_wconf 91' lang='lat' dir='ltr'>vero</span> <span class='ocrx_word' id='word_1_66' title='bbox 1073 931 1162 971; x_wconf 89' lang='lat' dir='ltr'>venae</span> 
     </span>
     <span class='ocr_line' id='line_1_8' title="bbox 108 1006 1161 1084; baseline 0.005 -21"><span class='ocrx_word' id='word_1_67' title='bbox 108 1016 136 1064; x_wconf 91' lang='lat' dir='ltr'>ct</span> <span class='ocrx_word' id='word_1_68' title='bbox 163 1009 282 1083; x_wconf 76' lang='lat' dir='ltr'>arteriae</span> <span class='ocrx_word' id='word_1_69' title='bbox 308 1009 416 1066; x_wconf 86' lang='lat' dir='ltr'>micare</span> <span class='ocrx_word' id='word_1_70' title='bbox 440 1026 501 1065; x_wconf 92' lang='lat' dir='ltr'>non</span> <span class='ocrx_word' id='word_1_71' title='bbox 525 1007 661 1066; x_wconf 91' lang='lat' dir='ltr'>desinunt</span> <span class='ocrx_word' id='word_1_72' title='bbox 687 1008 770 1083; x_wconf 84' lang='lat' dir='ltr'>quasi</span> <span class='ocrx_word' id='word_1_73' title='bbox 797 1006 928 1082; x_wconf 89' lang='lat' dir='ltr'>quodam</span> <span class='ocrx_word' id='word_1_74' title='bbox 957 1009 1045 1084; x_wconf 92' lang='lat' dir='ltr'>igneo</span> <span class='ocrx_word' id='word_1_75' title='bbox 1074 1020 1161 1081; x_wconf 88' lang='lat' dir='ltr'>motu,</span> 
     </span>
     <span class='ocr_line' id='line_1_9' title="bbox 107 1089 1161 1182; baseline 0.004 -22"><span class='ocrx_word' id='word_1_76' title='bbox 107 1104 399 1180; x_wconf 84' lang='lat' dir='ltr'>animadversumque</span> <span class='ocrx_word' id='word_1_77' title='bbox 438 1124 526 1182; x_wconf 84' lang='lat' dir='ltr'>saepe</span> <span class='ocrx_word' id='word_1_78' title='bbox 565 1115 617 1177; x_wconf 89' lang='lat' dir='ltr'>est,</span> <span class='ocrx_word' id='word_1_79' title='bbox 657 1124 726 1162; x_wconf 91' lang='lat' dir='ltr'>cum</span> <span class='ocrx_word' id='word_1_80' title='bbox 763 1123 815 1163; x_wconf 92' lang='lat' dir='ltr'>cor</span> <span class='ocrx_word' id='word_1_81' title='bbox 852 1106 1008 1163; x_wconf 87' lang='lat' dir='ltr'>animantis</span> <span class='ocrx_word' id='word_1_82' title='bbox 1045 1089 1161 1165; x_wconf 78' lang='lat' dir='ltr'>alicuius</span> 
     </span>
     <span class='ocr_line' id='line_1_10' title="bbox 108 1190 1161 1279; baseline 0.003 -21"><span class='ocrx_word' id='word_1_83' title='bbox 108 1203 238 1259; x_wconf 90' lang='lat' dir='ltr'>evolsum</span> <span class='ocrx_word' id='word_1_84' title='bbox 259 1204 299 1260; x_wconf 87' lang='lat' dir='ltr'>ita</span> <span class='ocrx_word' id='word_1_85' title='bbox 319 1204 464 1262; x_wconf 85' lang='lat' dir='ltr'>mobiliter</span> <span class='ocrx_word' id='word_1_86' title='bbox 483 1204 645 1279; x_wconf 85' lang='lat' dir='ltr'>palpitaret,</span> <span class='ocrx_word' id='word_1_87' title='bbox 674 1211 706 1260; x_wconf 91' lang='lat' dir='ltr'>ut</span> <span class='ocrx_word' id='word_1_88' title='bbox 733 1203 893 1261; x_wconf 86' lang='lat' dir='ltr'>imitaretur</span> <span class='ocrx_word' id='word_1_89' title='bbox 920 1190 1038 1279; x_wconf 88' lang='lat' dir='ltr'>igneam</span> <span class='ocrx_word' id='word_1_90' title='bbox 1065 1205 1161 1262; x_wconf 91' lang='lat' dir='ltr'>celeri-</span> 
     </span>
     <span class='ocr_line' id='line_1_11' title="bbox 107 1301 1194 1376; baseline 0.004 -21"><span class='ocrx_word' id='word_1_91' title='bbox 107 1308 206 1358; x_wconf 89' lang='lat' dir='ltr'>tatem.</span> <span class='ocrx_word' id='word_1_92' title='bbox 249 1301 347 1360; x_wconf 90' lang='lat' dir='ltr'>Omne</span> <span class='ocrx_word' id='word_1_93' title='bbox 362 1302 455 1376; x_wconf 90' lang='lat' dir='ltr'>igitur,</span> <span class='ocrx_word' id='word_1_94' title='bbox 470 1301 551 1376; x_wconf 89' lang='lat' dir='ltr'>quod</span> <span class='ocrx_word' id='word_1_95' title='bbox 565 1302 642 1372; x_wconf 87' lang='lat' dir='ltr'>vivit,</span> <span class='ocrx_word' id='word_1_96' title='bbox 658 1301 717 1359; x_wconf 89' lang='lat' dir='ltr'>sive</span> <span class='ocrx_word' id='word_1_97' title='bbox 737 1301 845 1358; x_wconf 90' lang='lat' dir='ltr'>animal</span> <span class='ocrx_word' id='word_1_98' title='bbox 865 1301 925 1359; x_wconf 90' lang='lat' dir='ltr'>sive</span> <span class='ocrx_word' id='word_1_99' title='bbox 946 1312 1024 1359; x_wconf 91' lang='lat' dir='ltr'>terra</span> <span class='ocrx_word' id='word_1_100' title='bbox 1044 1301 1194 1373; x_wconf 81' lang='lat' dir='ltr'>editum,10</span> 
     </span>
     <span class='ocr_line' id='line_1_12' title="bbox 107 1397 1163 1476; baseline 0.003 -22"><span class='ocrx_word' id='word_1_101' title='bbox 107 1397 138 1454; x_wconf 91' lang='lat' dir='ltr'>id</span> <span class='ocrx_word' id='word_1_102' title='bbox 162 1398 231 1455; x_wconf 84' lang='lat' dir='ltr'>vivit</span> <span class='ocrx_word' id='word_1_103' title='bbox 254 1408 374 1472; x_wconf 92' lang='lat' dir='ltr'>propter</span> <span class='ocrx_word' id='word_1_104' title='bbox 398 1399 541 1456; x_wconf 90' lang='lat' dir='ltr'>inclusum</span> <span class='ocrx_word' id='word_1_105' title='bbox 569 1399 598 1456; x_wconf 90' lang='lat' dir='ltr'>in</span> <span class='ocrx_word' id='word_1_106' title='bbox 627 1417 663 1457; x_wconf 93' lang='lat' dir='ltr'>eo</span> <span class='ocrx_word' id='word_1_107' title='bbox 694 1399 830 1457; x_wconf 91' lang='lat' dir='ltr'>calorem.</span> <span class='ocrx_word' id='word_1_108' title='bbox 875 1400 921 1457; x_wconf 88' lang='lat' dir='ltr'>Ex</span> <span class='ocrx_word' id='word_1_109' title='bbox 949 1417 1008 1473; x_wconf 93' lang='lat' dir='ltr'>quo</span> <span class='ocrx_word' id='word_1_110' title='bbox 1038 1399 1163 1476; x_wconf 88' lang='lat' dir='ltr'>intellegi</span> 
     </span>
     <span class='ocr_line' id='line_1_13' title="bbox 108 1493 1161 1572; baseline 0.005 -21"><span class='ocrx_word' id='word_1_111' title='bbox 108 1493 197 1552; x_wconf 90' lang='lat' dir='ltr'>debet</span> <span class='ocrx_word' id='word_1_112' title='bbox 212 1514 277 1552; x_wconf 88' lang='lat' dir='ltr'>eam</span> <span class='ocrx_word' id='word_1_113' title='bbox 292 1496 394 1553; x_wconf 89' lang='lat' dir='ltr'>caloris</span> <span class='ocrx_word' id='word_1_114' title='bbox 409 1507 540 1553; x_wconf 86' lang='lat' dir='ltr'>naturam</span> <span class='ocrx_word' id='word_1_115' title='bbox 555 1497 613 1553; x_wconf 90' lang='lat' dir='ltr'>vim</span> <span class='ocrx_word' id='word_1_116' title='bbox 628 1496 736 1554; x_wconf 88' lang='lat' dir='ltr'>habere</span> <span class='ocrx_word' id='word_1_117' title='bbox 753 1497 784 1554; x_wconf 88' lang='lat' dir='ltr'>in</span> <span class='ocrx_word' id='word_1_118' title='bbox 799 1515 829 1555; x_wconf 92' lang='lat' dir='ltr'>se</span> <span class='ocrx_word' id='word_1_119' title='bbox 844 1497 963 1554; x_wconf 88' lang='lat' dir='ltr'>vitalem</span> <span class='ocrx_word' id='word_1_120' title='bbox 977 1515 1161 1572; x_wconf 91' lang='lat' dir='ltr'>peromnem</span> 
     </span>
     <span class='ocr_line' id='line_1_14' title="bbox 69 1594 1162 1671; baseline 0.008 -25"><span class='ocrx_word' id='word_1_121' title='bbox 69 1605 94 1645; x_wconf 72' lang='lat' dir='ltr'>aa</span> <span class='ocrx_word' id='word_1_122' title='bbox 107 1594 251 1651; x_wconf 91' lang='lat' dir='ltr'>mundum</span> <span class='ocrx_word' id='word_1_123' title='bbox 265 1596 469 1669; x_wconf 85' lang='lat' dir='ltr'>pertinentem.</span> <span class='ocrx_word' id='word_1_124' title='bbox 511 1597 606 1668; x_wconf 80' lang='lat' dir='ltr'>Atque</span> <span class='ocrx_word' id='word_1_125' title='bbox 623 1594 652 1652; x_wconf 90' lang='lat' dir='ltr'>id</span> <span class='ocrx_word' id='word_1_126' title='bbox 667 1595 778 1652; x_wconf 91' lang='lat' dir='ltr'>facilius</span> <span class='ocrx_word' id='word_1_127' title='bbox 797 1613 952 1653; x_wconf 89' lang='lat' dir='ltr'>cernemus</span> <span class='ocrx_word' id='word_1_128' title='bbox 973 1605 1037 1654; x_wconf 93' lang='lat' dir='ltr'>toto</span> <span class='ocrx_word' id='word_1_129' title='bbox 1058 1615 1162 1671; x_wconf 88' lang='lat' dir='ltr'>genere</span> 
     </span>
     <span class='ocr_line' id='line_1_15' title="bbox 107 1691 1162 1768; baseline 0.004 -20"><span class='ocrx_word' id='word_1_130' title='bbox 107 1691 165 1748; x_wconf 94' lang='lat' dir='ltr'>hoc</span> <span class='ocrx_word' id='word_1_131' title='bbox 193 1692 289 1766; x_wconf 88' lang='lat' dir='ltr'>igneo,</span> <span class='ocrx_word' id='word_1_132' title='bbox 318 1691 399 1766; x_wconf 88' lang='lat' dir='ltr'>quod</span> <span class='ocrx_word' id='word_1_133' title='bbox 428 1701 520 1748; x_wconf 89' lang='lat' dir='ltr'>tranat</span> <span class='ocrx_word' id='word_1_134' title='bbox 548 1693 655 1763; x_wconf 83' lang='lat' dir='ltr'>omnia,</span> <span class='ocrx_word' id='word_1_135' title='bbox 685 1692 815 1751; x_wconf 92' lang='lat' dir='ltr'>subtilius</span> <span class='ocrx_word' id='word_1_136' title='bbox 844 1693 999 1768; x_wconf 75' lang='lat' dir='ltr'>explicato</span> <span class='ocrx_word' id='word_1_137' title='bbox 1052 1694 1162 1753; x_wconf 88' lang='lat' dir='ltr'>Omnes</span> 
     </span>
     <span class='ocr_line' id='line_1_16' title="bbox 107 1787 1193 1866; baseline 0.004 -20"><span class='ocrx_word' id='word_1_138' title='bbox 107 1789 192 1864; x_wconf 84' lang='lat' dir='ltr'>igitur</span> <span class='ocrx_word' id='word_1_139' title='bbox 219 1801 314 1864; x_wconf 89' lang='lat' dir='ltr'>partes</span> <span class='ocrx_word' id='word_1_140' title='bbox 344 1788 444 1845; x_wconf 86' lang='lat' dir='ltr'>mundi</span> <span class='ocrx_word' id='word_1_141' title='bbox 478 1789 610 1863; x_wconf 84' lang='lat' dir='ltr'>(tangam</span> <span class='ocrx_word' id='word_1_142' title='bbox 639 1798 737 1846; x_wconf 90' lang='lat' dir='ltr'>autern</span> <span class='ocrx_word' id='word_1_143' title='bbox 762 1787 918 1866; x_wconf 89' lang='lat' dir='ltr'>maximas)</span> <span class='ocrx_word' id='word_1_144' title='bbox 952 1791 1050 1848; x_wconf 91' lang='lat' dir='ltr'>calore</span> <span class='ocrx_word' id='word_1_145' title='bbox 1076 1792 1160 1849; x_wconf 91' lang='lat' dir='ltr'>fultae</span> <span class='ocrx_word' id='word_1_146' title='bbox 1173 1812 1193 1850; x_wconf 75' lang='grc' dir='ltr'>ιε</span> 
     </span>
     <span class='ocr_line' id='line_1_17' title="bbox 107 1885 1161 1963; baseline 0.003 -20"><span class='ocrx_word' id='word_1_147' title='bbox 107 1887 291 1944; x_wconf 88' lang='lat' dir='ltr'>sustinentur.</span> <span class='ocrx_word' id='word_1_148' title='bbox 335 1885 424 1959; x_wconf 91' lang='lat' dir='ltr'>Quod</span> <span class='ocrx_word' id='word_1_149' title='bbox 447 1886 572 1959; x_wconf 91' lang='lat' dir='ltr'>primum</span> <span class='ocrx_word' id='word_1_150' title='bbox 597 1886 627 1942; x_wconf 95' lang='lat' dir='ltr'>in</span> <span class='ocrx_word' id='word_1_151' title='bbox 652 1895 765 1943; x_wconf 89' lang='lat' dir='ltr'>terrena</span> <span class='ocrx_word' id='word_1_152' title='bbox 785 1897 888 1943; x_wconf 88' lang='lat' dir='ltr'>natura</span> <span class='ocrx_word' id='word_1_153' title='bbox 908 1887 1037 1961; x_wconf 88' lang='lat' dir='ltr'>perspici</span> <span class='ocrx_word' id='word_1_154' title='bbox 1058 1898 1161 1963; x_wconf 90' lang='lat' dir='ltr'>potest.</span> 
     </span>
     <span class='ocr_line' id='line_1_18' title="bbox 108 1982 1162 2058; baseline 0.004 -18"><span class='ocrx_word' id='word_1_155' title='bbox 108 1984 186 2041; x_wconf 91' lang='lat' dir='ltr'>Nam</span> <span class='ocrx_word' id='word_1_156' title='bbox 211 1993 240 2040; x_wconf 90' lang='lat' dir='ltr'>et</span> <span class='ocrx_word' id='word_1_157' title='bbox 264 1982 395 2057; x_wconf 87' lang='lat' dir='ltr'>lapidum</span> <span class='ocrx_word' id='word_1_158' title='bbox 420 1982 557 2040; x_wconf 86' lang='lat' dir='ltr'>conflictu</span> <span class='ocrx_word' id='word_1_159' title='bbox 579 1993 666 2057; x_wconf 89' lang='lat' dir='ltr'>atque</span> <span class='ocrx_word' id='word_1_160' title='bbox 685 1983 752 2040; x_wconf 92' lang='lat' dir='ltr'>tritu</span> <span class='ocrx_word' id='word_1_161' title='bbox 773 1983 839 2040; x_wconf 90' lang='lat' dir='ltr'>elici</span> <span class='ocrx_word' id='word_1_162' title='bbox 860 1983 958 2058; x_wconf 89' lang='lat' dir='ltr'>ignem</span> <span class='ocrx_word' id='word_1_163' title='bbox 979 1983 1115 2044; x_wconf 89' lang='lat' dir='ltr'>videmus</span> <span class='ocrx_word' id='word_1_164' title='bbox 1135 1995 1162 2044; x_wconf 91' lang='lat' dir='ltr'>et</span> 
     </span>
    </p>
   </div>
   <div class='ocr_carea' id='block_1_3' title="bbox 65 2081 1195 2546">
    <p class='ocr_par' dir='ltr' id='par_1_3' title="bbox 65 2081 1195 2546">
     <span class='ocr_line' id='line_1_19' title="bbox 106 2081 1162 2160; baseline 0.003 -21"><span class='ocrx_word' id='word_1_165' title='bbox 106 2083 217 2139; x_wconf 89' lang='lat' dir='ltr'>recenti</span> <span class='ocrx_word' id='word_1_166' title='bbox 232 2083 357 2139; x_wconf 91' lang='lat' dir='ltr'>fossione</span> <span class='ocrx_word' id='word_1_167' title='bbox 372 2091 476 2138; x_wconf 86' lang='lat' dir='ltr'>terram</span> <span class='ocrx_word' id='word_1_168' title='bbox 491 2081 601 2138; x_wconf 91' lang='lat' dir='ltr'>fumare</span> <span class='ocrx_word' id='word_1_169' title='bbox 616 2081 769 2152; x_wconf 86' lang='lat' dir='ltr'>calentem,</span> <span class='ocrx_word' id='word_1_170' title='bbox 792 2090 878 2155; x_wconf 92' lang='lat' dir='ltr'>atque</span> <span class='ocrx_word' id='word_1_171' title='bbox 901 2081 990 2139; x_wconf 85' lang='lat' dir='ltr'>etiarn</span> <span class='ocrx_word' id='word_1_172' title='bbox 1012 2101 1050 2140; x_wconf 87' lang='lat' dir='ltr'>ex</span> <span class='ocrx_word' id='word_1_173' title='bbox 1070 2085 1162 2160; x_wconf 91' lang='lat' dir='ltr'>puteis</span> 
     </span>
     <span class='ocr_line' id='line_1_20' title="bbox 108 2177 1162 2256; baseline 0.003 -20"><span class='ocrx_word' id='word_1_174' title='bbox 108 2180 220 2255; x_wconf 88' lang='lat' dir='ltr'>iugibus</span> <span class='ocrx_word' id='word_1_175' title='bbox 246 2198 353 2253; x_wconf 87' lang='lat' dir='ltr'>aquarn</span> <span class='ocrx_word' id='word_1_176' title='bbox 378 2177 501 2235; x_wconf 86' lang='lat' dir='ltr'>calidam</span> <span class='ocrx_word' id='word_1_177' title='bbox 526 2178 608 2251; x_wconf 80' lang='lat' dir='ltr'>trahi,</span> <span class='ocrx_word' id='word_1_178' title='bbox 634 2187 663 2235; x_wconf 90' lang='lat' dir='ltr'>et</span> <span class='ocrx_word' id='word_1_179' title='bbox 687 2177 719 2235; x_wconf 96' lang='lat' dir='ltr'>id</span> <span class='ocrx_word' id='word_1_180' title='bbox 742 2179 867 2236; x_wconf 84' lang='lat' dir='ltr'>maxime</span> <span class='ocrx_word' id='word_1_181' title='bbox 895 2179 957 2236; x_wconf 85' lang='lat' dir='ltr'>fieri</span> <span class='ocrx_word' id='word_1_182' title='bbox 981 2181 1162 2256; x_wconf 90' lang='lat' dir='ltr'>temporibus</span> 
     </span>
     <span class='ocr_line' id='line_1_21' title="bbox 106 2276 1195 2351; baseline -0.003 -17"><span class='ocrx_word' id='word_1_183' title='bbox 106 2277 243 2347; x_wconf 90' lang='lat' dir='ltr'>hibernis,</span> <span class='ocrx_word' id='word_1_184' title='bbox 269 2276 350 2351; x_wconf 92' lang='lat' dir='ltr'>quod</span> <span class='ocrx_word' id='word_1_185' title='bbox 375 2295 482 2350; x_wconf 89' lang='lat' dir='ltr'>magna</span> <span class='ocrx_word' id='word_1_186' title='bbox 505 2276 547 2332; x_wconf 89' lang='lat' dir='ltr'>vis</span> <span class='ocrx_word' id='word_1_187' title='bbox 572 2285 664 2332; x_wconf 90' lang='lat' dir='ltr'>terrae</span> <span class='ocrx_word' id='word_1_188' title='bbox 693 2276 822 2333; x_wconf 87' lang='lat' dir='ltr'>cavernis</span> <span class='ocrx_word' id='word_1_189' title='bbox 851 2276 1037 2335; x_wconf 88' lang='lat' dir='ltr'>contineatur</span> <span class='ocrx_word' id='word_1_190' title='bbox 1060 2279 1195 2337; x_wconf 62' lang='lat' dir='ltr'>caloris„</span> 
     </span>
     <span class='ocr_line' id='line_1_22' title="bbox 108 2373 1162 2450; baseline 0.002 -18"><span class='ocrx_word' id='word_1_191' title='bbox 108 2394 199 2450; x_wconf 87' lang='lat' dir='ltr'>eaque</span> <span class='ocrx_word' id='word_1_192' title='bbox 215 2375 311 2431; x_wconf 89' lang='lat' dir='ltr'>hieme</span> <span class='ocrx_word' id='word_1_193' title='bbox 327 2375 363 2431; x_wconf 91' lang='lat' dir='ltr'>sit</span> <span class='ocrx_word' id='word_1_194' title='bbox 378 2373 496 2430; x_wconf 88' lang='lat' dir='ltr'>densior</span> <span class='ocrx_word' id='word_1_195' title='bbox 509 2373 549 2431; x_wconf 90' lang='lat' dir='ltr'>ob</span> <span class='ocrx_word' id='word_1_196' title='bbox 564 2392 688 2447; x_wconf 89' lang='lat' dir='ltr'>eamque</span> <span class='ocrx_word' id='word_1_197' title='bbox 704 2392 822 2431; x_wconf 88' lang='lat' dir='ltr'>causam</span> <span class='ocrx_word' id='word_1_198' title='bbox 843 2373 971 2431; x_wconf 89' lang='lat' dir='ltr'>calorem</span> <span class='ocrx_word' id='word_1_199' title='bbox 993 2374 1113 2434; x_wconf 88' lang='lat' dir='ltr'>insitum</span> <span class='ocrx_word' id='word_1_200' title='bbox 1134 2376 1162 2434; x_wconf 90' lang='lat' dir='ltr'>in</span> 
     </span>
     <span class='ocr_line' id='line_1_23' title="bbox 65 2454 1160 2546; baseline 0.001 -16"><span class='ocrx_word' id='word_1_201' title='bbox 65 2454 189 2530; x_wconf 85' lang='lat' dir='ltr'>10terris</span> <span class='ocrx_word' id='word_1_202' title='bbox 214 2474 363 2530; x_wconf 87' lang='lat' dir='ltr'>contineat</span> <span class='ocrx_word' id='word_1_203' title='bbox 387 2472 482 2528; x_wconf 91' lang='lat' dir='ltr'>artius.</span> <span class='ocrx_word' id='word_1_204' title='bbox 527 2472 629 2545; x_wconf 88' lang='lat' dir='ltr'>Longa</span> <span class='ocrx_word' id='word_1_205' title='bbox 653 2481 696 2527; x_wconf 88' lang='lat' dir='ltr'>est</span> <span class='ocrx_word' id='word_1_206' title='bbox 721 2472 813 2528; x_wconf 89' lang='lat' dir='ltr'>oratio</span> <span class='ocrx_word' id='word_1_207' title='bbox 835 2471 1003 2546; x_wconf 85' lang='lat' dir='ltr'>multaeque</span> <span class='ocrx_word' id='word_1_208' title='bbox 1026 2474 1160 2546; x_wconf 89' lang='lat' dir='ltr'>rationes,</span> 
     </span>
    </p>
   </div>
   <div class='ocr_carea' id='block_1_4' title="bbox 70 2520 1160 2646">
    <p class='ocr_par' dir='ltr' id='par_1_4' title="bbox 70 2520 1160 2646">
     <span class='ocr_line' id='line_1_24' title="bbox 70 2520 1160 2646; baseline -0.001 -17"><span class='ocrx_word' id='word_1_209' title='bbox 70 2520 95 2559; x_wconf 82' lang='lat' dir='ltr'>m</span> <span class='ocrx_word' id='word_1_210' title='bbox 108 2572 211 2646; x_wconf 89' lang='lat' dir='ltr'>quibus</span> <span class='ocrx_word' id='word_1_211' title='bbox 226 2570 327 2627; x_wconf 89' lang='lat' dir='ltr'>doceri</span> <span class='ocrx_word' id='word_1_212' title='bbox 341 2569 431 2643; x_wconf 89' lang='lat' dir='ltr'>possit</span> <span class='ocrx_word' id='word_1_213' title='bbox 446 2567 553 2638; x_wconf 91' lang='lat' dir='ltr'>omnia,</span> <span class='ocrx_word' id='word_1_214' title='bbox 569 2586 644 2642; x_wconf 88' lang='lat' dir='ltr'>quae</span> <span class='ocrx_word' id='word_1_215' title='bbox 665 2577 739 2624; x_wconf 91' lang='lat' dir='ltr'>terra</span> <span class='ocrx_word' id='word_1_216' title='bbox 760 2568 907 2642; x_wconf 91' lang='lat' dir='ltr'>concipiat</span> <span class='ocrx_word' id='word_1_217' title='bbox 928 2569 1051 2643; x_wconf 88' lang='lat' dir='ltr'>semina,</span> <span class='ocrx_word' id='word_1_218' title='bbox 1074 2588 1160 2646; x_wconf 92' lang='lat' dir='ltr'>quae·</span> 
     </span>
    </p>
   </div>
   <div class='ocr_carea' id='block_1_5' title="bbox 107 2665 1193 3814">
    <p class='ocr_par' dir='ltr' id='par_1_5' title="bbox 107 2665 1193 3814">
     <span class='ocr_line' id='line_1_25' title="bbox 108 2665 1160 2744; baseline 0.001 -18"><span class='ocrx_word' id='word_1_219' title='bbox 108 2689 164 2743; x_wconf 89' lang='lat' dir='ltr'>que</span> <span class='ocrx_word' id='word_1_220' title='bbox 180 2669 243 2742; x_wconf 87' lang='lat' dir='ltr'>ipsa</span> <span class='ocrx_word' id='word_1_221' title='bbox 257 2687 293 2724; x_wconf 90' lang='lat' dir='ltr'>ex</span> <span class='ocrx_word' id='word_1_222' title='bbox 308 2685 337 2723; x_wconf 92' lang='lat' dir='ltr'>se</span> <span class='ocrx_word' id='word_1_223' title='bbox 356 2677 493 2741; x_wconf 89' lang='lat' dir='ltr'>generata</span> <span class='ocrx_word' id='word_1_224' title='bbox 514 2665 648 2739; x_wconf 90' lang='lat' dir='ltr'>stirpibus</span> <span class='ocrx_word' id='word_1_225' title='bbox 669 2665 758 2721; x_wconf 85' lang='lat' dir='ltr'>infixa</span> <span class='ocrx_word' id='word_1_226' title='bbox 779 2666 937 2737; x_wconf 87' lang='lat' dir='ltr'>contineat,</span> <span class='ocrx_word' id='word_1_227' title='bbox 960 2685 996 2725; x_wconf 88' lang='lat' dir='ltr'>ea</span> <span class='ocrx_word' id='word_1_228' title='bbox 1016 2676 1160 2744; x_wconf 88' lang='lat' dir='ltr'>tempera·</span> 
     </span>
     <span class='ocr_line' id='line_1_26' title="bbox 107 2762 1191 2838; baseline 0 -14"><span class='ocrx_word' id='word_1_229' title='bbox 107 2768 186 2824; x_wconf 90' lang='lat' dir='ltr'>tione</span> <span class='ocrx_word' id='word_1_230' title='bbox 223 2765 325 2822; x_wconf 88' lang='lat' dir='ltr'>caloris</span> <span class='ocrx_word' id='word_1_231' title='bbox 363 2773 392 2821; x_wconf 92' lang='lat' dir='ltr'>et</span> <span class='ocrx_word' id='word_1_232' title='bbox 426 2762 491 2820; x_wconf 93' lang='lat' dir='ltr'>oriri</span> <span class='ocrx_word' id='word_1_233' title='bbox 524 2772 553 2820; x_wconf 93' lang='lat' dir='ltr'>et</span> <span class='ocrx_word' id='word_1_234' title='bbox 591 2780 757 2836; x_wconf 87' lang='lat' dir='ltr'>augescere.</span> <span class='ocrx_word' id='word_1_235' title='bbox 809 2764 905 2837; x_wconf 89' lang='lat' dir='ltr'>Atque</span> <span class='ocrx_word' id='word_1_236' title='bbox 942 2781 1037 2838; x_wconf 85' lang='lat' dir='ltr'>aquae</span> <span class='ocrx_word' id='word_1_237' title='bbox 1075 2767 1160 2824; x_wconf 89' lang='lat' dir='ltr'>etiam</span> <span class='ocrx_word' id='word_1_238' title='bbox 1171 2792 1191 2832; x_wconf 71' lang='grc' dir='ltr'>ις</span> 
     </span>
     <span class='ocr_line' id='line_1_27' title="bbox 108 2859 1160 2935; baseline 0.001 -15"><span class='ocrx_word' id='word_1_239' title='bbox 108 2864 268 2921; x_wconf 82' lang='lat' dir='ltr'>admixtum</span> <span class='ocrx_word' id='word_1_240' title='bbox 291 2880 353 2918; x_wconf 89' lang='lat' dir='ltr'>esse</span> <span class='ocrx_word' id='word_1_241' title='bbox 376 2860 503 2918; x_wconf 90' lang='lat' dir='ltr'>calorem</span> <span class='ocrx_word' id='word_1_242' title='bbox 525 2860 650 2934; x_wconf 89' lang='lat' dir='ltr'>primum</span> <span class='ocrx_word' id='word_1_243' title='bbox 665 2859 727 2933; x_wconf 87' lang='lat' dir='ltr'>ipse</span> <span class='ocrx_word' id='word_1_244' title='bbox 749 2859 843 2933; x_wconf 90' lang='lat' dir='ltr'>liquor</span> <span class='ocrx_word' id='word_1_245' title='bbox 863 2879 957 2935; x_wconf 90' lang='lat' dir='ltr'>aquae</span> <span class='ocrx_word' id='word_1_246' title='bbox 983 2860 1113 2921; x_wconf 87' lang='lat' dir='ltr'>declarat</span> <span class='ocrx_word' id='word_1_247' title='bbox 1133 2873 1160 2920; x_wconf 87' lang='lat' dir='ltr'>et</span> 
     </span>
     <span class='ocr_line' id='line_1_28' title="bbox 107 2956 1159 3035; baseline -0.002 -16"><span class='ocrx_word' id='word_1_248' title='bbox 107 2961 189 3031; x_wconf 85' lang='lat' dir='ltr'>fusi0‚</span> <span class='ocrx_word' id='word_1_249' title='bbox 206 2978 280 3034; x_wconf 88' lang='lat' dir='ltr'>quae</span> <span class='ocrx_word' id='word_1_250' title='bbox 296 2977 392 3032; x_wconf 88' lang='lat' dir='ltr'>neque</span> <span class='ocrx_word' id='word_1_251' title='bbox 407 2957 601 3031; x_wconf 87' lang='lat' dir='ltr'>conglaciaret</span> <span class='ocrx_word' id='word_1_252' title='bbox 622 2956 772 3031; x_wconf 88' lang='lat' dir='ltr'>frigoribus</span> <span class='ocrx_word' id='word_1_253' title='bbox 794 2976 890 3032; x_wconf 93' lang='lat' dir='ltr'>neque</span> <span class='ocrx_word' id='word_1_254' title='bbox 912 2959 978 3016; x_wconf 89' lang='lat' dir='ltr'>nive</span> <span class='ocrx_word' id='word_1_255' title='bbox 999 2960 1159 3035; x_wconf 91' lang='lat' dir='ltr'>pruinaque</span> 
     </span>
     <span class='ocr_line' id='line_1_29' title="bbox 108 3053 1160 3132; baseline -0.001 -16"><span class='ocrx_word' id='word_1_256' title='bbox 108 3066 318 3125; x_wconf 87' lang='lat' dir='ltr'>concresceret,</span> <span class='ocrx_word' id='word_1_257' title='bbox 334 3056 388 3111; x_wconf 88' lang='lat' dir='ltr'>nisi</span> <span class='ocrx_word' id='word_1_258' title='bbox 403 3053 508 3111; x_wconf 87' lang='lat' dir='ltr'>eadem</span> <span class='ocrx_word' id='word_1_259' title='bbox 523 3073 553 3111; x_wconf 92' lang='lat' dir='ltr'>sc</span> <span class='ocrx_word' id='word_1_260' title='bbox 569 3053 699 3111; x_wconf 89' lang='lat' dir='ltr'>admixto</span> <span class='ocrx_word' id='word_1_261' title='bbox 714 3054 809 3112; x_wconf 88' lang='lat' dir='ltr'>calore</span> <span class='ocrx_word' id='word_1_262' title='bbox 824 3055 980 3129; x_wconf 87' lang='lat' dir='ltr'>liquefacta</span> <span class='ocrx_word' id='word_1_263' title='bbox 999 3067 1028 3114; x_wconf 92' lang='lat' dir='ltr'>et</span> <span class='ocrx_word' id='word_1_264' title='bbox 1050 3056 1160 3132; x_wconf 87' lang='lat' dir='ltr'>dilapsa</span> 
     </span>
     <span class='ocr_line' id='line_1_30' title="bbox 108 3152 1159 3227; baseline 0 -15"><span class='ocrx_word' id='word_1_265' title='bbox 108 3152 290 3212; x_wconf 78' lang='lat' dir='ltr'>diffunderet.</span> <span class='ocrx_word' id='word_1_266' title='bbox 335 3153 437 3226; x_wconf 89' lang='lat' dir='ltr'>Itaque</span> <span class='ocrx_word' id='word_1_267' title='bbox 466 3161 495 3208; x_wconf 93' lang='lat' dir='ltr'>et</span> <span class='ocrx_word' id='word_1_268' title='bbox 517 3152 700 3225; x_wconf 88' lang='lat' dir='ltr'>aquilonibus</span> <span class='ocrx_word' id='word_1_269' title='bbox 727 3152 902 3226; x_wconf 90' lang='lat' dir='ltr'>reliquisque</span> <span class='ocrx_word' id='word_1_270' title='bbox 931 3152 1085 3227; x_wconf 87' lang='lat' dir='ltr'>frigoribus</span> <span class='ocrx_word' id='word_1_271' title='bbox 1111 3154 1159 3212; x_wconf 93' lang='lat' dir='ltr'>ad-</span> 
     </span>
     <span class='ocr_line' id='line_1_31' title="bbox 107 3248 1193 3325; baseline 0.001 -16"><span class='ocrx_word' id='word_1_272' title='bbox 107 3253 220 3310; x_wconf 88' lang='lat' dir='ltr'>strictus</span> <span class='ocrx_word' id='word_1_273' title='bbox 243 3250 368 3306; x_wconf 88' lang='lat' dir='ltr'>durescit</span> <span class='ocrx_word' id='word_1_274' title='bbox 390 3267 482 3319; x_wconf 85' lang='lat' dir='ltr'>umor,</span> <span class='ocrx_word' id='word_1_275' title='bbox 505 3259 534 3305; x_wconf 90' lang='lat' dir='ltr'>ct</span> <span class='ocrx_word' id='word_1_276' title='bbox 555 3248 634 3305; x_wconf 85' lang='lat' dir='ltr'>idern</span> <span class='ocrx_word' id='word_1_277' title='bbox 656 3249 781 3306; x_wconf 87' lang='lat' dir='ltr'>vicissim</span> <span class='ocrx_word' id='word_1_278' title='bbox 803 3249 928 3306; x_wconf 91' lang='lat' dir='ltr'>mollitur</span> <span class='ocrx_word' id='word_1_279' title='bbox 948 3251 1112 3325; x_wconf 90' lang='lat' dir='ltr'>tepefactus</span> <span class='ocrx_word' id='word_1_280' title='bbox 1133 3261 1193 3316; x_wconf 67' lang='lat' dir='ltr'>eta</span> 
     </span>
     <span class='ocr_line' id='line_1_32' title="bbox 107 3347 1159 3423; baseline 0.001 -17"><span class='ocrx_word' id='word_1_281' title='bbox 107 3349 228 3406; x_wconf 89' lang='lat' dir='ltr'>tabescit</span> <span class='ocrx_word' id='word_1_282' title='bbox 243 3348 347 3404; x_wconf 86' lang='lat' dir='ltr'>calore.</span> <span class='ocrx_word' id='word_1_283' title='bbox 391 3349 486 3420; x_wconf 80' lang='lat' dir='ltr'>Atque</span> <span class='ocrx_word' id='word_1_284' title='bbox 502 3347 589 3403; x_wconf 83' lang='lat' dir='ltr'>etiarn</span> <span class='ocrx_word' id='word_1_285' title='bbox 605 3347 694 3403; x_wconf 89' lang='lat' dir='ltr'>maria</span> <span class='ocrx_word' id='word_1_286' title='bbox 709 3348 815 3421; x_wconf 85' lang='lat' dir='ltr'>agitata</span> <span class='ocrx_word' id='word_1_287' title='bbox 829 3348 920 3403; x_wconf 90' lang='lat' dir='ltr'>ventis</span> <span class='ocrx_word' id='word_1_288' title='bbox 938 3348 978 3403; x_wconf 86' lang='lat' dir='ltr'>ita</span> <span class='ocrx_word' id='word_1_289' title='bbox 997 3357 1159 3423; x_wconf 90' lang='lat' dir='ltr'>tepescunt,</span> 
     </span>
     <span class='ocr_line' id='line_1_33' title="bbox 107 3444 1160 3519; baseline 0.001 -15"><span class='ocrx_word' id='word_1_290' title='bbox 107 3460 138 3504; x_wconf 92' lang='lat' dir='ltr'>ut</span> <span class='ocrx_word' id='word_1_291' title='bbox 160 3446 285 3519; x_wconf 87' lang='lat' dir='ltr'>intellegi</span> <span class='ocrx_word' id='word_1_292' title='bbox 307 3444 388 3501; x_wconf 88' lang='lat' dir='ltr'>facile</span> <span class='ocrx_word' id='word_1_293' title='bbox 411 3445 503 3518; x_wconf 86' lang='lat' dir='ltr'>possit</span> <span class='ocrx_word' id='word_1_294' title='bbox 524 3445 552 3500; x_wconf 92' lang='lat' dir='ltr'>in</span> <span class='ocrx_word' id='word_1_295' title='bbox 576 3446 661 3500; x_wconf 86' lang='lat' dir='ltr'>tantis</span> <span class='ocrx_word' id='word_1_296' title='bbox 685 3445 737 3500; x_wconf 86' lang='lat' dir='ltr'>illis</span> <span class='ocrx_word' id='word_1_297' title='bbox 762 3444 909 3501; x_wconf 88' lang='lat' dir='ltr'>umoribus</span> <span class='ocrx_word' id='word_1_298' title='bbox 930 3463 993 3501; x_wconf 92' lang='lat' dir='ltr'>esse</span> <span class='ocrx_word' id='word_1_299' title='bbox 1016 3446 1160 3504; x_wconf 89' lang='lat' dir='ltr'>inclusum</span> 
     </span>
     <span class='ocr_line' id='line_1_34' title="bbox 108 3542 1160 3602; baseline 0 0"><span class='ocrx_word' id='word_1_300' title='bbox 108 3546 242 3602; x_wconf 88' lang='lat' dir='ltr'>calorem.</span> <span class='ocrx_word' id='word_1_301' title='bbox 287 3545 351 3600; x_wconf 88' lang='lat' dir='ltr'>Nec</span> <span class='ocrx_word' id='word_1_302' title='bbox 372 3543 449 3598; x_wconf 85' lang='lat' dir='ltr'>enirn</span> <span class='ocrx_word' id='word_1_303' title='bbox 469 3542 514 3598; x_wconf 90' lang='lat' dir='ltr'>ille</span> <span class='ocrx_word' id='word_1_304' title='bbox 535 3552 669 3599; x_wconf 88' lang='lat' dir='ltr'>externus</span> <span class='ocrx_word' id='word_1_305' title='bbox 692 3555 720 3599; x_wconf 93' lang='lat' dir='ltr'>et</span> <span class='ocrx_word' id='word_1_306' title='bbox 742 3542 921 3599; x_wconf 87' lang='lat' dir='ltr'>adventicius</span> <span class='ocrx_word' id='word_1_307' title='bbox 944 3542 1098 3602; x_wconf 91' lang='lat' dir='ltr'>habendus</span> <span class='ocrx_word' id='word_1_308' title='bbox 1119 3555 1160 3602; x_wconf 91' lang='lat' dir='ltr'>est</span> 
     </span>
     <span class='ocr_line' id='line_1_35' title="bbox 107 3640 1159 3717; baseline 0.001 -17"><span class='ocrx_word' id='word_1_309' title='bbox 107 3654 199 3717; x_wconf 86' lang='lat' dir='ltr'>tepor,</span> <span class='ocrx_word' id='word_1_310' title='bbox 218 3642 271 3699; x_wconf 87' lang='lat' dir='ltr'>sed</span> <span class='ocrx_word' id='word_1_311' title='bbox 291 3661 327 3698; x_wconf 88' lang='lat' dir='ltr'>ex</span> <span class='ocrx_word' id='word_1_312' title='bbox 345 3641 451 3697; x_wconf 83' lang='lat' dir='ltr'>intimis</span> <span class='ocrx_word' id='word_1_313' title='bbox 474 3640 558 3695; x_wconf 87' lang='lat' dir='ltr'>maris</span> <span class='ocrx_word' id='word_1_314' title='bbox 581 3640 707 3712; x_wconf 86' lang='lat' dir='ltr'>partibus</span> <span class='ocrx_word' id='word_1_315' title='bbox 729 3641 884 3713; x_wconf 86' lang='lat' dir='ltr'>agitatione</span> <span class='ocrx_word' id='word_1_316' title='bbox 907 3642 1058 3713; x_wconf 88' lang='lat' dir='ltr'>excitatus,</span> <span class='ocrx_word' id='word_1_317' title='bbox 1081 3641 1159 3717; x_wconf 92' lang='lat' dir='ltr'>quod</span> 
     </span>
     <span class='ocr_line' id='line_1_36' title="bbox 108 3736 1193 3814; baseline 0.001 -17"><span class='ocrx_word' id='word_1_318' title='bbox 108 3742 211 3797; x_wconf 87' lang='lat' dir='ltr'>nostris</span> <span class='ocrx_word' id='word_1_319' title='bbox 227 3758 344 3814; x_wconf 90' lang='lat' dir='ltr'>quoque</span> <span class='ocrx_word' id='word_1_320' title='bbox 361 3737 531 3811; x_wconf 87' lang='lat' dir='ltr'>corporibus</span> <span class='ocrx_word' id='word_1_321' title='bbox 546 3736 695 3810; x_wconf 87' lang='lat' dir='ltr'>contingit,</span> <span class='ocrx_word' id='word_1_322' title='bbox 718 3756 786 3794; x_wconf 87' lang='lat' dir='ltr'>curn</span> <span class='ocrx_word' id='word_1_323' title='bbox 808 3747 888 3794; x_wconf 88' lang='lat' dir='ltr'>motu</span> <span class='ocrx_word' id='word_1_324' title='bbox 911 3748 999 3812; x_wconf 87' lang='lat' dir='ltr'>atque</span> <span class='ocrx_word' id='word_1_325' title='bbox 1021 3741 1159 3798; x_wconf 87' lang='lat' dir='ltr'>exercita·</span> <span class='ocrx_word' id='word_1_326' title='bbox 1172 3764 1193 3804; x_wconf 76' lang='lat'>³5</span> 
     </span>
    </p>
   </div>
   <div class='ocr_carea' id='block_1_6' title="bbox 0 0 1228 4102">
    <p class='ocr_par' dir='ltr' id='par_1_6' title="bbox 0 0 1228 4102">
     <span class='ocr_line' id='line_1_37' title="bbox 0 0 1228 4102; baseline 0 0"><span class='ocrx_word' id='word_1_327' title='bbox 0 0 1228 4102; x_wconf 95' lang='lat' dir='ltr'> </span> 
     </span>
    </p>
   </div>
  </div>
 </body>
</html>
