2446 4102
80 241 120 301 88
406 252 455 301 ou
476 250 621 300 NATURA
644 249 803 300 DEORUM.

79 408 220 482 biliorqne
235 415 279 464 est
290 407 381 464 multo
397 406 435 463 ob
450 422 557 479 easque
575 423 676 462 causas
698 405 793 480 aptior
813 402 851 461 ad
873 421 976 462 sensus
1000 422 1133 463 eommo-

77 506 190 563 vendos
206 523 294 578 quam
309 504 356 560 hie
371 513 470 560 noster
484 502 571 573 calor,
587 519 645 576 quo
660 501 745 571 haec,
761 519 836 576 quae
858 512 929 558 nota
950 502 1036 560 nobis
1057 513 1132 573 sunt,

40 614 63 653 31
78 605 238 661 retinentur
252 613 281 659 et
295 603 401 677 vigent.
444 599 610 658 Absurdum
628 599 713 674 igitur
727 608 770 656 est
785 598 893 670 dicere,
909 617 978 656 cum
1000 599 1133 657 homines

78 702 247 776 bestiaeque
273 700 331 757 hoc
357 699 451 755 calore
479 706 632 754 teneantur
660 706 689 753 et
717 706 871 770 propterea
899 706 1072 754 moveantur
1099 715 1134 754 ac

78 800 212 870 sentiant,
228 797 372 855 mundum
387 815 450 854 esse
465 796 527 853 sine
543 813 639 865 seusu,
655 794 704 868 qui
726 794 838 868 integro
854 801 883 850 et
897 793 989 851 libero
1009 804 1039 852 et
1060 812 1133 869 puro
1153 817 1163 854 s

78 896 245 971 eodemque
276 896 417 953 acerrimo
452 905 481 952 et
515 892 706 951 mobilissimo
741 889 843 948 ardore
878 900 1022 962 teneatur,
1051 909 1133 966 prae-

77 994 175 1051 sertim
192 1013 259 1050 cum
275 994 298 1050 is
313 993 407 1064 ardor,
423 992 473 1067 qui
488 1000 531 1050 est
546 990 658 1061 mundi,
673 1008 734 1047 non
756 989 877 1064 agitatus
898 989 936 1046 ab
958 989 1015 1046 alio
1037 1007 1133 1063 neque

77 1100 197 1148 externo
212 1093 306 1165 pulsu,
322 1089 375 1147 sed
390 1108 442 1164 per
464 1107 495 1147 se
517 1090 579 1164 ipse
601 1107 636 1145 ae
657 1106 710 1145 sua
730 1096 835 1162 sponte
851 1096 1011 1144 moveatur.
1056 1087 1134 1144 Nam

77 1188 148 1263 quid
169 1197 267 1263 potest
292 1205 354 1244 esse
380 1185 492 1245 mundo
513 1186 662 1257 valentius,
685 1183 766 1259 quod
790 1184 878 1259 pellat
904 1193 991 1258 atque
1016 1196 1134 1243 moveat

78 1287 206 1343 calorem
234 1305 311 1356 eum,
335 1303 395 1359 quo
423 1284 469 1341 ille
494 1284 647 1342 teneatur?
688 1282 849 1340 Audiamus
874 1282 954 1340 euim
980 1283 1133 1342 Platonem
1147 1309 1169 1335 10

76 1384 159 1457 quasi
187 1382 336 1458 quendam
364 1381 454 1439 deum
482 1381 723 1457 philosophorum
733 1401 742 1453 5
778 1380 826 1437 cui
853 1379 914 1438 duo
942 1381 1041 1455 placet
1069 1400 1132 1440 esse

76 1490 181 1552 motus,
210 1501 301 1538 unum
330 1499 424 1550 suurn,
449 1479 570 1537 alterum
599 1488 759 1549 externum,
783 1496 845 1536 esse
870 1487 969 1536 autem
997 1478 1131 1552 divinius,

76 1578 157 1652 quod
185 1579 280 1653 ipsum
309 1596 344 1635 ex
372 1596 403 1634 se
432 1595 483 1635 sua
511 1586 616 1651 sponte
641 1586 799 1647 moveatur,
822 1594 913 1650 quam
937 1576 1020 1650 quod
1048 1578 1131 1653 pulsu

75 1677 198 1752 agitetur
212 1677 316 1734 alieno.
361 1677 451 1732 Hunc
466 1684 564 1733 autem
580 1684 692 1731 motum
713 1675 743 1731 in
758 1672 825 1731 solis
840 1673 944 1731 animis
960 1691 1024 1732 esse
1039 1676 1130 1749 pouit,

75 1773 113 1831 ab
127 1774 230 1847 hisque
251 1773 428 1848 principium
450 1782 546 1829 motus
569 1790 632 1828 esse
654 1771 776 1829 ductum
798 1780 889 1846 putat.
933 1771 1129 1848 Quapropter,
1143 1800 1166 1838 ις

75 1872 215 1945 quoniam
230 1890 266 1927 ex
281 1869 384 1927 mundi
405 1869 508 1926 ardore
530 1879 626 1926 motus
648 1870 743 1927 omnis
765 1869 863 1940 oritur,
878 1869 902 1926 is
925 1878 1025 1927 autem
1048 1870 1133 1928 ardor

74 1986 135 2025 non
156 1968 251 2024 alieno
272 1967 397 2042 inpulsu,
413 1965 466 2024 sed
487 1985 540 2024 sua
553 1976 658 2040 sponte
673 1976 814 2038 movetur,
829 1967 943 2024 animus
958 1967 996 2024 sit
1008 1985 1131 2025 necesse

74 2075 137 2137 est;
160 2084 196 2122 ex
210 2085 269 2140 quo
285 2065 407 2121 efficitur
427 2064 607 2122 animantem
629 2082 692 2121 esse
714 2063 868 2121 mundum.
910 2066 1007 2138 Atque
1022 2083 1061 2122 ex
1074 2065 1130 2123 hoc

74 2181 193 2237 quoque
208 2163 335 2237 intellegi
356 2162 462 2236 poterit
483 2161 564 2219 ineo
579 2162 674 2219 inesse
696 2161 932 2236 intellegentiam,
948 2161 1030 2236 quod
1052 2172 1129 2221 certe

75 2270 118 2317 est
132 2260 259 2317 mundus
274 2260 375 2316 melior
389 2278 479 2334 quam
500 2259 557 2315 ulla
578 2268 688 2315 natura.
730 2259 772 2317 Ut
795 2259 874 2316 enim
897 2259 976 2316 nulla
997 2277 1065 2334 pars
1087 2270 1165 2318 esta>

73 2358 203 2432 corporis
218 2357 317 2427 nostri,
333 2375 408 2430 quae
423 2375 484 2413 non
498 2356 616 2413 minoris
638 2356 683 2427 sit,
698 2373 786 2430 quam
807 2366 923 2413 nosmet
944 2356 1000 2431 ipsi
1021 2376 1129 2431 sumus,

74 2453 282 2511 siemundum
303 2454 469 2511 universum
491 2453 578 2528 pluris
604 2471 666 2510 esse
692 2471 813 2510 necesse
838 2463 882 2511 est
904 2471 992 2528 quam
1016 2465 1129 2529 partem

74 2552 199 2627 aliquam
215 2551 349 2609 universi.
393 2550 483 2624 Quod
499 2551 522 2607 si
536 2551 576 2607 ita
592 2561 645 2623 est,
660 2551 775 2624 sapiens
797 2551 833 2607 sit
856 2550 983 2608 mundus
1006 2570 1128 2610 necesse

73 2659 126 2706 est.
170 2650 247 2705 Nam
262 2649 293 2706 ni
307 2649 346 2705 ita
361 2658 445 2719 esset,
461 2648 621 2718 hominem,
637 2648 687 2722 qui
709 2657 752 2704 est
773 2646 876 2705 mundi
897 2666 972 2722 parS,
989 2650 1129 2722 quoniam

73 2747 190 2803 rationis
206 2757 248 2803 est
264 2747 418 2820 particeps,
435 2745 522 2819 pluris
545 2762 607 2801 esse
624 2763 711 2818 quam
734 2744 876 2802 mundum
898 2762 1019 2802 omnem
1042 2764 1128 2821 opor·
1141 2770 1163 2808 ης

35 2859 60 2899 33
73 2853 153 2901 teret.
196 2846 292 2918 Atque
316 2844 411 2913 etiam,
427 2843 450 2899 si
465 2861 482 2898 a
496 2842 594 2916 primis
616 2841 817 2916 inchoatisque
837 2843 944 2899 naturis
962 2842 1000 2900 ad
1014 2842 1128 2902 ultimas

72 2942 275 3015 perfectasque
303 2941 436 2998 volumus
472 2939 643 3013 procedere,
672 2939 710 2996 ad
739 2939 861 2997 deorum
896 2949 1029 2997 naturam
1064 2959 1128 3017 per-

72 3039 222 3095 veniamus
237 3056 358 3094 necesse
374 3048 426 3094 est.
469 3038 597 3094 Primum
612 3037 691 3094 euim
712 3037 967 3094 animadvertimus
989 3056 1007 3094 a
1027 3048 1129 3096 natura

73 3137 205 3192 sustiueri
227 3155 270 3205 ea,
287 3154 361 3209 quac
377 3136 530 3209 gignantur
552 3154 567 3192 e
590 3146 673 3206 terra,
689 3136 794 3209 quibus
816 3144 918 3192 natura
938 3135 1009 3193 nihil
1031 3137 1128 3195 tribuit

35 3234 204 3307 etamplius,
221 3252 308 3306 quam
330 3243 360 3289 ut
383 3251 418 3288 ea
442 3233 548 3290 alendo
574 3243 661 3307 atque
687 3232 823 3307 augendo
846 3242 980 3290 tueretur.
1024 3234 1163 3294 Bestiisso

73 3341 170 3387 autem
186 3349 303 3387 sensum
318 3340 347 3386 et
362 3341 474 3387 motum
490 3330 572 3386 dedit
589 3341 618 3386 et
640 3349 708 3387 cum
723 3329 852 3403 quodam
874 3329 1006 3403 adpetitu
1028 3349 1126 3389 acces-

73 3446 137 3484 sum
159 3427 196 3485 ad
219 3447 263 3484 res
287 3428 432 3498 salutares,
454 3447 471 3484 a
492 3429 633 3502 pestiferis
658 3445 805 3484 recessum
816 3448 825 3499 3
847 3427 904 3483 hoc
931 3427 1042 3484 homini
1067 3447 1127 3485 am-

73 3526 156 3599 pliuS,
172 3525 254 3599 quod
277 3525 389 3582 addidit
412 3526 563 3596 rationem,
586 3545 644 3600 qua
666 3535 832 3598 regerentur
857 3525 944 3580 animi
970 3524 1126 3600 adpetitus

31 3623 125 3696 13qui
153 3632 214 3680 tum
242 3624 461 3693 remitterentur,
490 3633 553 3679 tum
585 3623 811 3679 continerentur.
868 3621 994 3693 Quartus
1029 3632 1127 3680 autem

73 3718 179 3793 gradus
201 3730 244 3776 est
267 3730 295 3776 et
317 3720 468 3776 altissimus
493 3738 603 3791 eorum,
619 3720 668 3794 qui
693 3729 795 3776 natura
822 3718 893 3777 boni
921 3719 1126 3797 sapientesque
1139 3739 1161 3780 ³⁵

34 1263 70 1369 li
