2446 4102
281 259 346 308 ma.
359 259 409 308 111.
442 259 503 308 cn.
521 259 789 309 xxxv-xxxvm.
823 261 853 323 §a
867 259 955 325 8550.
1081 245 1138 323 165

91 412 192 485 nisset,
216 413 309 471 Musis
333 413 439 471 bovem
464 413 629 471 immolasse
651 413 775 486 dicitur,
804 413 857 472 sed
881 413 912 472 id
936 413 1058 489 quidem
1082 431 1142 471 non

92 508 193 581 cred0,
216 509 355 584 quoniam
384 510 430 567 ille
459 527 497 567 ne
522 511 648 586 Apollini
673 510 793 586 quidem
822 512 908 569 Delio
936 511 1061 568 hostiam
1089 511 1141 567 im-

91 606 203 665 molare
217 606 316 678 voluit,
331 625 368 664 ne
383 625 461 664 aram
477 608 616 682 sanguine
631 618 804 683 aspergeret.
846 607 894 666 Ad
908 626 969 666 rem
992 618 1090 665 autem
1112 617 1144 664 ut

91 702 223 777 redeam,
238 703 378 762 iudicium
394 703 452 761 hoc
473 705 605 761 omnium
627 706 791 762 mortalium
812 715 865 776 est,
880 707 1025 763 fortunam
1046 724 1064 762 a
1085 705 1143 762 deo

61 825 72 864 s
92 801 262 878 petendam,
275 819 334 859 ase
349 801 413 876 ipso
430 801 603 859 sumendam
618 820 682 859 esse
697 803 878 876 sapientiam.
922 803 1061 877 Quamvis
1076 803 1144 859 lieet

93 899 190 957 Menti
204 899 326 958 delubra
340 909 368 956 et
382 900 487 957 Virtuti
510 909 539 956 et
562 899 645 956 Fidei
667 918 882 971 consecremus,
898 910 997 957 tamen
1019 901 1092 957 haec
1114 900 1143 956 in

92 996 178 1054 nobis
193 996 262 1071 ipsis
284 997 338 1054 sita
358 996 512 1068 videmus,
535 997 611 1070 Spei,
628 998 740 1068 SalutiS,
756 997 838 1072 Opis,
854 998 1001 1054 Victoriae
1024 997 1143 1054 facultas

93 1112 112 1151 a
122 1093 168 1151 dis
179 1092 346 1169 expetenda
359 1104 412 1152 est.
457 1095 652 1170 Inproborum
667 1096 752 1169 igitur
766 1096 970 1170 prosperitates
982 1094 1142 1153 secundae-

93 1209 152 1266 que
173 1209 219 1250 res
239 1191 424 1267 redarguunt,
440 1201 471 1249 ut
493 1192 642 1266 Diogenes
657 1192 783 1264 dicebat,
799 1194 856 1250 vim
878 1211 998 1250 omnem
1020 1193 1143 1250 deorum

54 1306 129 1346 roae
150 1299 335 1364 potestatem.
377 1292 416 1347 At
436 1306 497 1347 non
518 1307 678 1364 numquam
699 1291 793 1348 bonos
815 1290 907 1347 exitus
929 1290 1038 1347 habent
1062 1263 1185 1369 nonii}

93 1387 155 1445 Eos
170 1386 290 1463 quidem
305 1387 455 1462 arripimus
477 1387 716 1462 attribuimusque
738 1388 800 1445 sine
822 1389 879 1444 ulla
900 1388 1012 1444 ratione
1034 1387 1079 1444 dis
1101 1388 1143 1444 in·

93 1483 272 1543 mortalibus,
314 1487 352 1542 At
367 1484 507 1559 Diagoras
523 1502 591 1542 cum
608 1484 826 1542 Samothracam
847 1486 981 1554 venisset,
998 1485 1076 1544 ἄθεος
1097 1483 1143 1540 ille

93 1581 145 1656 qui
166 1581 279 1655 dicitur,
301 1591 389 1656 atque
411 1582 438 1639 ei
460 1580 579 1656 quidam
600 1582 711 1640 amicus
734 1583 814 1653 ‘Tu,
836 1582 897 1655 qui
924 1581 1012 1638 deos
1037 1590 1143 1655 putas

94 1677 249 1737 humana
290 1678 501 1753 neglegere,
541 1697 660 1736 nonne
702 1678 965 1736 animadvertis
1008 1696 1049 1734 ex
1090 1687 1144 1735 tot

56 1775 230 1843 estabulis
257 1776 378 1851 pictis,
407 1794 512 1851 quam
540 1776 644 1833 multi
675 1777 770 1833 votis
805 1777 875 1833 vim
910 1775 1144 1849 tempestatis

93 1867 295 1943 effugerint
323 1867 358 1925 in
385 1877 603 1943 portumque
632 1867 723 1924 salvi
756 1867 1043 1940 pervenerintl’,
1073 1867 1145 1923 ‘Ita

93 1965 167 2038 fit’,
189 1965 283 2040 inquit
292 1985 301 2037 3
331 1965 403 2023 ‘illi
424 1965 519 2023 enim
540 1983 717 2040 nusquam
737 1965 830 2040 picti
851 1973 950 2036 sunt,
973 1965 1036 2039 qui
1056 1982 1144 2022 nau-

93 2063 210 2138 fragia
230 2063 399 2120 fecerunt
419 2063 449 2119 in
471 2062 632 2137 marique
654 2062 861 2136 perierunt)
905 2060 1058 2136 Idemque,
1075 2079 1144 2119 cum

94 2161 122 2218 ei
145 2160 293 2235 naviganti
315 2170 448 2217 vectores
476 2159 596 2216 adversa
623 2168 796 2234 tempestate
824 2158 919 2216 timidi
947 2167 976 2216 et
1003 2159 1145 2232 perterriti

55 2289 81 2316 ω
94 2257 227 2316 dicerent
251 2276 311 2315 non
336 2258 439 2315 iniuria
460 2258 514 2315 sibi
536 2256 606 2314 illud
627 2256 771 2328 accidere,
796 2257 845 2331 qui
866 2257 946 2313 illum
967 2256 996 2312 in
1019 2255 1145 2313 eandem

92 2373 199 2412 navem
224 2355 411 2429 recepissent,
434 2353 562 2411 ostendit
587 2355 627 2411 eis
652 2354 682 2410 in
707 2353 814 2410 eodem
838 2372 922 2411 cursu
947 2353 1051 2410 multas
1076 2353 1145 2410 alias

93 2452 250 2510 laborantis
266 2452 474 2526 quaesivitque,
488 2460 560 2508 num
576 2451 663 2508 etiam
678 2451 707 2508 in
722 2451 755 2508 iis
770 2451 890 2508 navibus
907 2451 1064 2525 Diagoram
1078 2449 1146 2507 vehi

94 2549 258 2608 crederent.
300 2550 347 2608 Sic
362 2549 441 2606 enim
455 2567 500 2606 res
516 2566 546 2605 se
561 2548 657 2620 habet,
672 2559 704 2606 ut
718 2548 756 2605 ad
771 2566 940 2623 prosperam
958 2548 1145 2605 adversamve

93 2648 249 2718 fortunam,
265 2647 356 2721 qualis
377 2646 414 2704 sis
436 2656 485 2703 aut
500 2664 588 2720 quem
609 2645 648 2703 ad
669 2645 791 2703 modum
807 2645 919 2715 vixeris,
935 2644 1006 2701 nihil
1027 2644 1145 2702 intersit.

56 2773 80 2812 25
94 2746 166 2804 Non
187 2744 428 2814 animadvertunt,
443 2744 545 2818 inquit,
560 2744 659 2801 omnia
679 2743 717 2815 di,
733 2762 770 2800 ne
792 2761 874 2817 reges
894 2741 1023 2816 quidem.
1066 2739 1146 2814 Quid
1159 2759 1185 2800 oo

95 2852 140 2900 est
154 2842 269 2900 simile?
303 2844 401 2916 Reges
416 2842 494 2899 enim
509 2842 533 2898 si
548 2841 672 2898 scientes
687 2841 928 2915 praetermittunt,
940 2857 1046 2913 magna
1060 2837 1147 2912 culpa

95 2950 159 3012 est,
181 2948 210 2996 at
231 2935 350 2997 deone
375 2939 523 2996 excusatio
545 2937 665 3012 quidem
686 2948 730 2994 est
754 2938 932 2995 inscientiae.
975 2936 1073 3008 Quem
1094 2952 1145 2992 vos
1153 2939 1191 2995 38

93 3036 242 3113 praeclare
271 3035 436 3107 defenditis
462 3055 531 3093 cum
559 3034 654 3092 dicitis
683 3053 748 3092 eam
772 3035 832 3091 vim
856 3033 979 3091 deorum
1007 3050 1080 3101 esse,
1105 3041 1146 3102 ut,

95 3134 209 3192 etiamsi
234 3135 297 3208 quis
325 3143 418 3191 morte
446 3151 557 3208 poenas
585 3132 701 3188 sceleris
730 3132 868 3205 effugerit,
895 3138 1067 3203 expetantur
1094 3146 1147 3186 eae

57 3250 211 3308 30poenae
227 3231 363 3300 aliberis,
378 3250 395 3287 a
409 3231 574 3305 nepotibus
590 3248 608 3285 a
624 3229 755 3303 posteris.
799 3228 825 3287 O
849 3227 950 3285 miram
972 3226 1148 3300 aequitatem

95 3329 239 3388 deorum!
282 3329 420 3385 Ferretne
445 3328 545 3384 civitas
573 3326 631 3382 ulla
657 3326 776 3383 latorem
803 3325 883 3382 istius
909 3322 990 3380 modi
1014 3322 1093 3397 legis,
1116 3331 1148 3380 ut

95 3426 342 3486 condemnaretur
356 3418 429 3481 filius
445 3434 494 3481 aut
508 3440 610 3497 nepos,
626 3423 649 3480 si
664 3433 746 3498 pater
760 3431 808 3479 aut
823 3440 892 3478 avus
908 3420 1098 3495 deliquisset?

178 3539 336 3613 Quinam
357 3536 634 3595 Tantalidarum
656 3535 907 3593 internecioni
928 3532 1056 3591 modus

178 3635 355 3695 Paretur?
374 3644 435 3693 aut
456 3651 634 3710 quaenam
654 3635 822 3708 tamquam
843 3631 887 3689 ob
910 3642 1064 3688 mortem

56 3746 83 3790 aa
852 3726 1009 3810 mirelli
