2446 4102
101 297 140 363 52
424 297 472 346 nn
494 296 639 346 uarum
663 297 822 347 pronun.

98 452 159 510 aliis
183 451 365 510 cadentibus.
408 453 453 508 An
479 451 508 508 in
537 450 692 508 individuis
717 451 894 527 corpusculis
919 459 980 509 tam
1004 450 1154 526 praeclara

98 568 188 624 opera
206 549 285 606 nulla
305 548 477 606 moderante
498 557 609 618 natura,
624 548 703 605 nulla
723 549 834 605 ratione
856 548 1054 623 fingentibus?
1094 549 1153 608 Sed

98 648 203 706 oblitus
222 646 397 705 liberalitatis
419 664 511 716 meae,
528 664 586 720 qua
606 654 705 703 tecum
726 646 813 720 paulo
835 656 902 702 ante
924 646 965 702 uti
985 664 1152 721 coeperam,

98 747 180 821 plura
208 746 397 820 complector.
451 743 624 803 Concedam
652 744 737 818 igitur
765 762 802 801 ex
829 743 987 802 individuis
1016 754 1152 803 constare

60 861 85 901 os
99 845 206 902 omnia.
249 842 329 918 Quid
350 841 389 899 ad
410 844 493 899 rem?
521 842 644 899 deorum
666 842 744 898 enim
767 851 870 899 natura
892 842 1046 915 quaeritur.
1090 844 1183 901 Sints

98 960 168 999 sane
184 960 220 999 ex
234 941 337 999 atomis
348 961 356 1012 3
378 957 439 997 non
460 939 545 1014 igitur
559 939 678 996 aeterni.
722 937 813 1011 Quod
834 939 912 995 enim
935 957 971 995 ex
992 939 1106 1010 atomis,
1123 939 1153 997 id

97 1049 198 1096 natum
214 1037 370 1112 aliquando
385 1045 447 1109 est,
469 1036 493 1093 si
507 1044 617 1107 natum,
632 1035 702 1092 nulli
717 1035 765 1092 dei
784 1044 851 1092 ante
866 1053 955 1109 quarn
977 1036 1056 1108 nati,
1079 1045 1109 1094 et
1129 1037 1153 1094 si

99 1146 177 1193 ortus
193 1145 236 1193 est
250 1135 382 1205 deorum,
398 1133 527 1191 interitus
549 1133 584 1189 sit
605 1150 727 1190 necesse
750 1142 801 1203 est,
816 1141 848 1189 ut
868 1141 899 1189 tu
921 1132 1009 1206 paulo
1031 1142 1099 1191 ante
1115 1132 1152 1192 de

100 1234 226 1290 Platonis
241 1231 352 1290 mundo
368 1231 545 1306 disputabas.
588 1229 648 1287 Ubi
663 1230 748 1304 igitur
762 1229 832 1287 illud
847 1240 974 1287 vestmm
989 1229 1110 1288 beatum
1124 1241 1153 1289 et

99 1331 270 1387 aeternum?
290 1329 394 1403 quibus
416 1327 530 1386 duobus
544 1326 638 1384 verbis
660 1326 827 1401 significatis
849 1326 939 1384 deum
950 1348 958 1400 ;
981 1327 1064 1403 quod
1086 1347 1153 1386 cum
1167 1343 1189 1371 ¹⁰

99 1427 215 1484 efficere
239 1427 331 1497 vultis,
357 1426 387 1483 in
410 1424 530 1482 dumeta
553 1424 720 1498 conrepitis.
764 1424 809 1481 Ita
834 1424 912 1481 enim
937 1423 1067 1496 dicebas
1092 1443 1153 1483 non

99 1542 205 1598 corpus
220 1542 283 1581 esse
300 1524 330 1580 in
345 1522 412 1593 deo,
428 1521 480 1579 sed
495 1522 578 1597 quasi
599 1539 715 1596 corpus,
730 1538 787 1577 nec
808 1521 989 1596 sanguinem,
1004 1521 1059 1580 sed
1080 1531 1152 1580 tam·

99 1638 187 1695 quam
202 1621 382 1695 sanguinem.

56 1699 93 1806 ἓξ
142 1720 211 1775 Hoc
233 1735 373 1792 persaepe
393 1716 496 1788 facitis,
511 1725 551 1787 ut,
566 1733 635 1772 curn
657 1714 766 1790 aliquid
786 1733 847 1773 non
860 1715 920 1772 veri
941 1715 1033 1774 simile
1049 1715 1153 1775 dicatis

99 1825 129 1873 et
150 1815 275 1889 effugere
296 1814 553 1889 reprehensionem
573 1813 673 1885 velitis,
696 1812 830 1870 adferatis
852 1811 970 1887 aliquid,
986 1813 1069 1888 quod
1090 1833 1188 1886 om·15

98 1914 169 1970 nino
184 1931 220 1970 ne
236 1912 297 1969 fieri
312 1910 431 1986 quidem
446 1911 545 1985 possit,
560 1919 592 1967 ut
613 1911 701 1968 satius
722 1910 806 1967 fuerit
827 1909 897 1968 illud
918 1910 1023 1985 ipsum,
1039 1911 1078 1969 de
1094 1931 1153 1988 quo

99 2010 307 2084 ambigebatur,
324 2007 488 2065 concedere
503 2025 592 2082 quam
606 2016 666 2064 tam
683 2006 861 2082 inpudenter
880 2008 1023 2066 resistere.
1065 2010 1154 2068 Velut

101 2107 245 2181 Epicurus
266 2125 335 2163 cum
349 2104 469 2176 videret,
492 2105 515 2162 si
536 2105 626 2163 atomi
647 2105 788 2163 ferrentur
812 2106 842 2162 in
863 2104 961 2163 locum
986 2104 1154 2166 inferiorem

101 2213 203 2279 suopte
219 2203 359 2279 pondere,
376 2204 447 2260 nihil
461 2203 522 2260 sore
537 2203 567 2260 in
582 2212 681 2260 nostra
694 2212 848 2277 potestate,
864 2203 946 2278 quod
961 2214 1038 2262 esset
1053 2223 1155 2264 earum

100 2312 197 2360 motus
222 2311 317 2360 certus
342 2311 371 2359 et
395 2301 583 2372 necessarius,
605 2301 723 2373 invenit,
745 2319 805 2375 quo
829 2301 921 2360 modo
945 2303 1190 2362 necessitatem„

101 2399 247 2474 effugeret,
260 2398 341 2474 quod
355 2398 490 2456 videlicet
506 2399 710 2456 Democritum
723 2399 854 2474 fugerat,-
876 2401 915 2457 ait
930 2408 1071 2473 atomum,
1085 2420 1154 2460 cum

100 2496 233 2573 pondere
255 2505 284 2554 et
305 2496 441 2570 gravitate
457 2495 577 2553 derecto
599 2495 721 2554 deorsus
745 2497 861 2568 seratur,
877 2495 1024 2556 declinare
1049 2498 1153 2573 paulu-

63 2614 87 2656 to
100 2595 169 2652 lum.
213 2597 282 2652 Hoc
298 2593 395 2651 dicere
416 2594 526 2668 turpius
541 2602 583 2651 est
598 2611 686 2667 quam
708 2593 787 2667 illud,
803 2593 884 2669 quod
898 2595 966 2666 vult,
982 2613 1043 2653 non
1064 2613 1153 2671 posse

101 2691 269 2749 defendere.
313 2690 398 2748 Idem
413 2691 481 2747 facit
502 2699 602 2748 contra
616 2690 805 2763 dialecticos3
828 2710 845 2749 a
860 2691 964 2766 quibus
980 2710 1049 2772 cum
1063 2694 1153 2752 tradi·

100 2797 162 2846 tum
177 2790 212 2846 sit
226 2790 256 2846 in
271 2788 405 2846 omnibus
420 2787 656 2861 diiunctionibus,
668 2789 699 2845 in
713 2788 818 2863 quibus
840 2791 923 2845 ‘aut
944 2789 1065 2848 etiam
1088 2800 1153 2849 aut
1166 2821 1189 2860 ης

100 2887 194 2942 non’
219 2894 385 2960 poneretur,
410 2885 531 2942 alterum
555 2894 651 2942 utrum
676 2904 740 2943 esse
761 2904 870 2957 verum,
892 2886 1049 2961 pertimuit,
1065 2906 1113 2961 ne,
1129 2890 1154 2948 si

101 3000 274 3040 concessum
289 2991 365 3040 esset
379 2983 463 3040 huius
478 2982 559 3041 modi
574 2982 700 3057 aliquid:
725 2986 816 3041 ‘Aut
840 2983 949 3041 vivet
973 3003 1061 3043 cras
1087 2996 1154 3046 aut

100 3098 177 3137 non
204 3081 313 3138 vivet
341 3080 567 3155 Epicurus’,
591 3081 758 3137 alterutrum
779 3080 861 3138 fieret
885 3082 1093 3155 necessarium,
1107 3093 1153 3143 to·

99 3186 162 3235 tum
178 3177 234 3235 hoc
250 3181 332 3235 ‘aut
356 3178 476 3235 etiam
504 3186 570 3234 aut
597 3179 692 3234 non'
714 3178 829 3252 negavit
849 3196 911 3235 esse
933 3181 1153 3254 necessarium3

101 3292 160 3349 quo
180 3274 250 3348 quid
267 3274 325 3332 dici
347 3276 441 3349 potuit
462 3274 614 3332 obtusius?
654 3275 806 3349 Urguebat
826 3276 968 3333 Arcesilas
990 3278 1151 3351 Zenonem,
1165 3306 1190 3344 ³0

101 3372 245 3446 cumipse
262 3372 332 3430 falsa
353 3373 452 3430 omnia
473 3371 592 3442 diceret,
608 3390 682 3446 quae
705 3372 836 3430 sensibus
857 3372 1033 3446 viderentur,
1049 3377 1153 3435 Zenon

100 3478 198 3527 autem
212 3487 272 3527 non
287 3471 365 3527 nulla
378 3470 439 3527 visa
456 3487 518 3526 esse
538 3469 616 3539 falsa,
632 3487 692 3526 non
714 3469 821 3527 omnia.
863 3471 974 3528 Timuit
995 3473 1152 3547 Epicurus,

99 3585 146 3640 ne,
169 3568 192 3625 si
216 3586 307 3624 unum
330 3568 423 3624 visum
446 3577 522 3624 esset
543 3568 655 3638 falsum,
678 3567 790 3624 nullum
813 3576 889 3625 esset
911 3586 1030 3626 verum:
1055 3572 1153 3631 omnis

100 3683 202 3722 sensus
226 3664 285 3722 veri
312 3664 429 3721 nuntios
458 3663 530 3721 dixit
557 3682 629 3720 esse.
673 3663 752 3720 Nihil
780 3663 884 3722 horum
912 3665 997 3722 nimis
1026 3667 1153 3743 callide,

100 3762 261 3838 graviorem
291 3761 370 3819 enim
401 3760 516 3836 plagam
549 3759 721 3835 accipiebat,
750 3769 782 3818 ut
816 3760 953 3819 leviorem
988 3764 1189 3840 repelleretis
