2446 4102
95 294 154 356 116
416 304 629 354 uenarum
651 304 812 354 oaoxuu.

45 474 83 516 115
92 464 176 520 Haec
199 461 294 518 omnis
316 458 465 533 discriptio
486 458 613 516 siderum
635 467 721 533 atque
743 457 791 515 hic
812 465 910 516 tantus
931 459 1006 518 caeli
1026 473 1145 521 ornatus

90 579 126 617 ex
141 558 310 633 corporibus
325 558 382 614 huc
398 567 427 613 et
449 556 514 613 illuc
536 575 606 613 casu
628 565 657 613 et
678 565 788 613 temere
810 557 994 615 cursantibus
1015 559 1145 633 potuisse

90 657 166 715 effici
195 656 332 730 cuiquam
361 672 432 711 sano
454 653 545 711 videri
566 654 684 728 potest?
707 662 758 711 aut
777 671 846 710 vero
868 653 924 710 alia
945 673 1021 728 quae
1043 666 1146 714 natura

90 755 195 812 mentis
211 764 240 811 et
254 753 371 810 rationis
388 770 490 826 expers
505 751 578 808 hacc
599 750 714 808 efficere
735 751 852 826 potuit?
872 768 948 826 quae
971 771 1031 811 non
1054 752 1145 811 modo

89 862 121 910 ut
136 852 238 910 fierent
252 851 363 908 ratione
379 858 528 924 eguerunt,
544 847 597 906 sed
611 847 739 924 intellegi
757 848 854 923 qualia
873 849 931 907 sint
952 849 1015 908 sine
1030 869 1146 909 summa
1165 871 1176 909 s

90 950 200 1007 ratione
216 966 275 1005 non
290 956 422 1023 possunt.
481 942 484 949 '

47 1058 84 1113 45
132 1048 197 1104 Nec
218 1064 286 1103 vero
309 1044 383 1101 haec
411 1043 506 1102 solum
530 1042 719 1115 admirabilia,
742 1042 795 1101 sed
822 1043 895 1101 nihil
922 1044 1026 1116 maius,
1055 1063 1144 1120 quarn

91 1143 172 1219 quod
187 1144 226 1200 ita
240 1143 348 1201 stabilis
366 1151 410 1199 est
431 1139 557 1199 mundus
579 1149 666 1215 atque
688 1141 728 1198 ita
749 1140 888 1200 cohaeret
908 1140 947 1199 ad
969 1159 1144 1217 permanen·

91 1241 171 1312 dum,
186 1250 218 1298 ut
233 1239 355 1297 nihilne
370 1238 528 1313 excogitari
543 1237 665 1312 quidem
679 1238 771 1312 possit
785 1239 888 1314 aptius
931 1238 1046 1298 Omnes
1065 1241 1145 1299 enim

90 1348 186 1414 partes
201 1338 263 1395 eius
277 1336 408 1410 undique
423 1334 554 1393 medium
568 1335 668 1393 locum
682 1345 869 1410 capessentes
883 1336 1016 1394 nituntur
1037 1355 1144 1412 aequa·
1160 1360 1183 1388 ιο

91 1436 162 1493 liter.
205 1435 335 1493 Maxime
351 1443 449 1491 autem
464 1450 588 1507 corpora
608 1432 683 1490 inter
703 1450 734 1490 se
756 1432 855 1490 iuncta
875 1444 1061 1508 permanent,
1076 1453 1146 1493 cum

91 1533 173 1607 quasi
195 1532 324 1606 quodam
344 1530 461 1588 vinculo
490 1528 671 1587 circumdato
693 1530 883 1605 colligantur3
911 1531 995 1605 quod
1015 1533 1087 1591 facit
1111 1551 1147 1591 ea

91 1643 201 1701 natura,
217 1648 292 1704 quae
307 1647 359 1704 per
374 1646 491 1685 omnem
508 1626 652 1685 mundum
667 1628 767 1685 omnia
781 1638 879 1685 mente
895 1639 923 1686 et
937 1629 1051 1688 ratione
1074 1649 1145 1688 con·

91 1728 191 1785 ficiens
220 1727 350 1784 funditur
378 1735 407 1783 et
435 1724 473 1782 ad
501 1723 633 1782 medium
660 1725 735 1799 rapit
763 1736 791 1782 et
826 1728 968 1784 convertit
1004 1737 1146 1786 extrema.

48 1835 84 1874 116
93 1827 247 1900 Quocirca,
271 1825 294 1882 si
316 1822 443 1881 mundus
464 1823 601 1898 globosus
623 1832 667 1880 est
688 1823 727 1880 ob
749 1841 872 1898 eamque
895 1842 1014 1882 causam
1041 1844 1146 1884 omnes
1160 1851 1183 1888 rs

92 1925 153 1980 eius
168 1933 263 1997 partes
278 1921 409 1996 undique
426 1920 591 1994 aequabiles
607 1920 686 1994 ipsae
702 1938 755 1994 per
768 1938 799 1978 se
815 1931 902 1996 atque
924 1921 1000 1979 inter
1021 1941 1052 1980 se
1074 1941 1146 1981 con-

92 2022 226 2091 tinentur,
250 2021 418 2094 contingere
440 2018 520 2075 idem
541 2027 633 2075 terrae
655 2036 776 2076 necesse
799 2028 850 2089 est,
872 2029 904 2076 ut
925 2021 1062 2079 omnibus
1083 2022 1147 2079 eius

93 2119 220 2193 partibus
235 2118 263 2174 in
279 2117 409 2174 medium
424 2116 608 2190 vergentibus
628 2114 674 2190 (id
689 2125 786 2173 autem
808 2115 939 2173 medium
960 2118 1095 2176 infimum
1116 2120 1148 2176 in

93 2217 215 2291 sphaera
230 2215 287 2287 est)
306 2215 376 2272 nibil
392 2215 589 2287 interrumpat,
606 2231 665 2288 quo
680 2212 846 2270 labefactari
861 2215 952 2288 possit
972 2225 1054 2274 tanta
1075 2236 1146 2275 con·

93 2315 183 2371 tentio
205 2313 348 2387 gravitatis
370 2321 398 2368 et
420 2311 594 2385 ponderum.
637 2309 810 2385 Eademque
831 2312 942 2369 ratione
964 2332 1055 2385 mare,
1077 2333 1147 2372 curn
1161 2343 1186 2370 20

94 2431 180 2486 supra
194 2423 298 2468 terram
313 2411 357 2479 sit,
375 2409 505 2466 medium
520 2419 620 2465 tamen
635 2418 726 2465 terrae
742 2409 841 2466 locum
863 2419 1005 2484 expetens
1027 2413 1148 2488 conglo-

93 2511 177 2567 batur
205 2509 334 2582 umliquc
364 2507 551 2580 aequabiliter
579 2523 675 2580 neque
703 2505 850 2564 redundat
877 2525 1017 2582 umquam
1049 2528 1148 2585 neque

51 2606 258 2664 irresiumlitur.
305 2606 383 2661 lluic
398 2614 496 2661 autem
513 2604 667 2660 continens
688 2607 737 2661 ae'r
758 2604 846 2661 fertur
867 2605 912 2661 ille
934 2606 1057 2680 quidem
1078 2608 1148 2666 levi·

94 2713 153 2761 tate
168 2704 300 2772 sublime,
316 2701 369 2759 sed
384 2711 481 2758 tamen
497 2702 527 2758 in
541 2720 644 2759 omnes
659 2712 754 2776 partes
776 2720 807 2759 se
829 2702 890 2777 ipse
912 2703 1026 2776 fundit3
1049 2707 1148 2780 itaque

96 2812 125 2859 et
139 2801 210 2857 mari
226 2800 409 2856 continuatus
432 2808 461 2855 et
482 2799 596 2856 iunctus
619 2808 661 2856 est
683 2811 712 2858 et
733 2811 834 2857 natura
854 2801 942 2858 fertur
962 2800 1001 2859 ad
1023 2803 1147 2875 caelum,
1162 2833 1185 2871 ις

96 2900 177 2956 cuius
192 2899 330 2955 tenuitate
348 2906 375 2953 et
391 2897 486 2953 calore
503 2907 679 2971 temperatus
701 2897 817 2955 vitalem
839 2907 868 2955 et
888 2899 1045 2958 salutarem
1065 2901 1149 2975 spiri·

96 3008 156 3054 tum
172 2997 291 3070 praebet
306 2996 508 3052 animantibus
554 2996 651 3068 Quem
667 2996 821 3070 complexa
842 3015 956 3053 summa
976 3015 1043 3071 pars
1066 2999 1148 3070 caeli,

97 3112 171 3167 quae
187 3093 313 3148 aetheria
328 3092 441 3163 dicitur,
459 3103 487 3150 et
502 3113 586 3151 suum
601 3094 704 3150 retinet
723 3093 856 3151 ardorem
878 3104 998 3152 tenuem
1020 3104 1050 3153 et
1070 3096 1151 3154 nulla

98 3190 275 3247 admixtione
299 3202 469 3248 concretum
491 3201 519 3248 et
549 3210 616 3248 curn
645 3193 717 3249 a'eris
745 3192 925 3248 extremitate
955 3193 1149 3270 coniungitur.

53 3296 90 3349 46
101 3291 133 3345 ln
149 3287 265 3344 aethere
281 3298 378 3345 autem
400 3299 476 3346 astra
489 3288 651 3360 volvuntur,
668 3307 742 3362 quae
765 3308 795 3346 se
818 3299 847 3346 et
867 3290 932 3346 nisu
953 3309 1007 3347 suo
1029 3292 1150 3367 conglo-
1163 3315 1188 3353 ao

97 3387 164 3444 bata
179 3385 330 3443 continent
346 3396 374 3442 et
389 3387 480 3443 forma
495 3387 557 3460 ipsa
572 3387 721 3462 figuraque
736 3405 789 3444 sua
804 3397 953 3444 momenta
967 3397 1150 3462 sustentant3

99 3494 164 3542 sunt
178 3484 256 3540 enim
271 3483 404 3555 rotunda,
417 3486 520 3558 quibus
536 3485 642 3554 formis,
657 3496 688 3542 ut
702 3495 769 3542 ante
785 3484 890 3542 dixisse
905 3485 1016 3557 videor,
1030 3488 1151 3546 minime

55 3605 91 3643 ns
99 3583 197 3640 noceri
215 3592 320 3657 potest.
363 3583 434 3641 Sunt
455 3592 552 3639 autem
575 3583 672 3639 stellae
694 3592 795 3639 natura
816 3582 968 3639 flammeae
980 3605 988 3655 3
1013 3586 1153 3658 quocirca

99 3691 199 3751 terrae,
216 3680 309 3750 maris,
326 3698 464 3753 aquarum
479 3680 631 3752 vaporibus
647 3679 758 3736 aluntur
774 3680 816 3750 iis,
832 3681 914 3753 quia
935 3681 996 3737 sole
1019 3700 1057 3739 ex
1077 3684 1153 3758 agris

99 3779 251 3853 tepefactis
277 3790 307 3835 et
334 3797 370 3834 ex
397 3777 478 3852 aquis
507 3776 677 3849 excitantur,
706 3777 809 3851 quibus
834 3777 908 3835 altae
933 3790 1152 3857 renovataeque
1166 3800 1189 3841 ³5
