2446 4102
87 229 130 305 48
417 244 467 292 nn
488 244 634 294 NATURA
657 244 816 295 DEORUM.

88 397 177 454 misso
191 397 297 454 versari
312 397 421 455 circum
436 416 521 455 axem
543 399 616 455 caeli
638 398 798 457 admirabili
821 399 989 458 celeritate?
1009 401 1065 459 nisi
1080 403 1143 477 qui-

88 504 169 552 etum
197 504 295 551 autem
323 495 394 552 nihil
427 496 546 553 beatum
580 506 643 569 est,
679 496 738 553 sive
772 497 802 553 in
834 496 899 570 ipso
928 497 1041 556 mundo
1070 499 1143 558 deus

88 591 163 649 inest
191 592 302 665 aliquis
328 593 378 666 qui
406 602 495 667 regat,
521 593 572 666 qui
599 592 750 666 gubernet,
780 593 830 667 qui
860 612 960 652 cursus
991 604 1143 669 astrorum,

88 689 264 746 mutationes
286 698 461 763 temporum,
483 707 579 746 rerum
593 688 806 747 vicissitudines
827 690 1002 766 ordinesque
1025 710 1143 751 conser-

87 796 145 858 vet,
161 796 248 843 terras
272 795 301 843 et
321 786 411 842 maria
434 787 635 860 contemplans
658 785 810 843 hominum
834 788 993 846 commoda
1010 789 1143 866 vitasque
1164 814 1175 852 s

50 898 75 939 53
89 893 211 954 tueatur,
227 902 263 941 ne
279 884 324 940 ille
340 893 382 940 est
398 883 562 957 implicatus
577 883 705 942 molestis
720 884 843 959 negotiis
855 894 885 942 et
896 887 1026 960 operosis
1041 890 1046 945 l
1080 889 1144 947 Nos

89 990 187 1038 autem
201 982 317 1039 beatam
331 982 420 1038 vitam
440 981 471 1037 in
485 980 574 1038 animi
589 981 741 1039 securitate
756 991 786 1039 et
800 982 830 1038 in
844 983 976 1040 omnium
989 985 1144 1043 vacatione

88 1097 243 1136 munerum
257 1079 402 1154 ponimus.
445 1078 557 1136 Docuit
571 1078 650 1135 enim
667 1096 721 1136 nos
742 1077 832 1150 idem,
848 1080 898 1154 qui
919 1090 1025 1152 cetera,
1041 1092 1145 1141 natura

89 1177 226 1234 effectum
248 1194 311 1234 esse
333 1175 485 1247 mundum,
500 1174 571 1233 nihil
592 1192 667 1249 opus
690 1175 775 1233 fuisse
801 1177 918 1248 fabrica,
933 1186 1053 1253 tamque
1077 1198 1144 1237 eam

88 1291 151 1331 rem
166 1292 229 1331 esse
244 1274 368 1345 facilem,
383 1292 472 1348 quam
486 1291 538 1331 vos
553 1272 630 1330 effici
650 1273 762 1347 negatis
783 1273 844 1330 sine
860 1273 957 1340 divina
977 1293 1066 1350 posse
1088 1277 1143 1335 sol·
1158 1310 1181 1337 ιο

88 1373 177 1446 lenia,
203 1382 235 1430 ut
262 1372 479 1430 innumerabilis
506 1380 609 1428 natura
636 1369 765 1428 mundos
793 1371 932 1429 effectura
958 1373 1003 1445 sit,
1026 1374 1143 1447 efficiat,

89 1470 226 1528 effecerit.
278 1469 369 1543 Quod
393 1470 462 1544 quia
486 1487 575 1544 quem
599 1467 637 1526 ad
661 1467 784 1526 modum
809 1477 911 1526 natura
935 1469 1053 1529 efficere
1081 1473 1144 1530 sine
1175 1544 1179 1551 Ι

89 1568 186 1641 aliqua
200 1577 297 1624 mente
312 1567 403 1641 possit
417 1585 477 1624 non
492 1565 604 1637 videtiS,
621 1575 652 1623 ut
667 1565 767 1640 tragici
782 1566 897 1639 pomae,
914 1585 981 1624 cum
997 1569 1144 1644 explicare

50 1683 76 1724 or
89 1666 250 1739 argumenti
265 1665 374 1722 exitum
389 1683 449 1722 non
466 1664 596 1738 potestis,
611 1663 767 1738 confugitis
781 1662 820 1719 ad
834 1662 944 1737 deum,
966 1665 1049 1723 cuius
1072 1685 1143 1742 ope·

88 1781 149 1820 ram
164 1763 296 1838 profecto
317 1780 377 1819 non
392 1760 602 1833 desideraretis
618 1761 641 1818 si
662 1762 826 1818 inmensam
841 1770 869 1817 et
884 1761 1100 1821 interminatam
1114 1765 1144 1822 in
1158 1799 1180 1838 1⁵

89 1861 184 1919 omnis
205 1861 292 1934 partis
315 1859 546 1934 magnitudinem
567 1858 719 1932 regionum
733 1857 878 1929 videretis,
894 1858 1028 1933 inquam
1043 1878 1075 1918 se
1090 1862 1143 1918 ini·

89 1959 169 2016 ciens
186 1958 298 2015 animus
313 1966 342 2015 et
356 1956 512 2014 intendens
527 1957 566 2013 ita
580 1957 636 2013 late
651 1956 796 2030 longeque
811 1955 1018 2030 peregrinatur,
1034 1967 1066 2015 ut
1080 1960 1143 2016 nul·

88 2057 146 2113 lam
161 2065 259 2113 tamen
279 2074 359 2112 oram
379 2055 473 2112 ultimi
487 2053 592 2126 videat,
608 2054 638 2111 in
652 2072 711 2128 qua
730 2054 822 2129 possit
845 2055 984 2113 insistere.
1028 2056 1064 2113 In
1087 2055 1145 2114 hac

88 2152 173 2228 igitur
187 2154 371 2210 inmensitate
387 2151 581 2224 latitudinum,
594 2151 818 2226 longitudinum,
831 2151 1017 2209 altitudinum
1032 2153 1146 2212 infinita

87 2251 130 2310 vis
145 2251 397 2308 innumerabilium
411 2250 510 2307 volitat
527 2258 701 2320 atomorum,
718 2267 793 2324 quae
814 2250 968 2308 interiecto
989 2251 1071 2310 inani
1093 2271 1143 2312 co·
1157 2285 1181 2314 ω

88 2349 262 2406 haerescunt
283 2357 382 2404 tamen
403 2348 476 2404 inter
498 2365 528 2404 se
551 2356 580 2404 et
600 2347 673 2403 aliae
694 2347 763 2404 alias
789 2345 1047 2422 adprehendentes
1070 2369 1144 2409 con-

88 2447 253 2517 tinuantur,
276 2464 312 2502 ex
326 2464 385 2519 quo
400 2445 563 2501 efficiuntur
578 2460 629 2500 eae
650 2461 747 2500 rerum
768 2445 878 2503 sormae
893 2455 923 2503 et
937 2446 1055 2520 figurae,
1071 2465 1145 2522 quas

87 2563 139 2603 vos
154 2543 229 2600 effici
245 2561 330 2618 posse
346 2543 407 2599 sine
430 2542 544 2599 follibus
566 2551 595 2598 et
616 2540 772 2600 incudibus
793 2561 855 2601 non
877 2544 994 2617 putatis
1039 2544 1144 2621 Itaque

87 2641 253 2716 inposuistis
274 2641 303 2697 in
326 2640 486 2696 cervicibus
507 2639 611 2697 nostris
632 2640 843 2714 sempiternum
864 2639 1028 2713 dominum,
1054 2660 1145 2717 quem

88 2738 151 2797 dies
166 2748 194 2796 et
209 2747 310 2795 noctes
325 2739 502 2793 timeremus
524 2724 527 2730 ¹
545 2737 617 2810 Quis
639 2737 718 2794 enim
732 2755 793 2794 non
814 2738 915 2796 timeat
934 2739 1034 2796 omnia
1047 2740 1144 2814 provi·
1157 2770 1180 2810 25

88 2835 207 2894 dentem
223 2846 252 2892 et
266 2835 444 2908 cogitantem
459 2843 488 2891 et
502 2834 783 2891 animadvertentem
804 2844 834 2892 et
853 2835 953 2892 omnia
966 2833 1006 2893 ad
1023 2853 1055 2894 se
1078 2854 1143 2911 per·

49 2934 178 2992 attinere
206 2942 358 3007 putantem
388 2931 534 2989 curiosum
563 2942 591 2989 et
620 2932 740 3006 plenum
767 2932 877 3006 negotii
905 2931 1016 2990 deum?
1062 2935 1145 2993 Hinc

88 3032 170 3088 vobis
182 3031 274 3087 extitit
285 3029 411 3103 primum
423 3029 469 3086 illa
478 3029 569 3086 satalis
581 3030 748 3100 necessitas,
756 3047 844 3103 quam
857 3028 1023 3104 εἱμαρμένην
1037 3028 1144 3105 dicitis,

87 3139 128 3200 ut,
144 3126 284 3202 quicquid
305 3125 429 3198 accidat,
446 3127 475 3183 id
501 3144 537 3183 ex
561 3136 679 3183 aeterna
692 3127 811 3184 veritate
836 3138 1048 3201 causarumque
1072 3146 1145 3187 eon-

87 3226 247 3284 tinuatione
276 3223 391 3281 fluxisse
421 3223 533 3281 dicatis.
586 3224 695 3296 Quanti
723 3233 821 3281 autem
849 3223 922 3281 haec
957 3224 1182 3300 philosophia„

88 3321 269 3381 aestimanda
292 3331 343 3392 est,
360 3322 408 3378 cui
430 3330 579 3395 tamquam
605 3309 735 3391 aniculis,
751 3330 781 3377 et
803 3321 836 3377 iis
860 3319 980 3395 quidem
1005 3320 1144 3397 indoctis,

87 3422 146 3478 sato
179 3419 240 3477 fieri
267 3418 421 3476 videantur
455 3417 575 3474 omnia?
629 3417 764 3490 Sequitur
790 3418 906 3492 μαντικὴ
933 3427 1038 3490 vestra,
1068 3438 1145 3495 quae

88 3518 191 3576 Latine
216 3516 397 3575 divinatio
423 3513 537 3586 dicitur,
554 3533 612 3588 qua
632 3523 714 3571 tanta
727 3515 913 3572 inbueremur
927 3517 1144 3590 superstitione,

87 3616 112 3674 si
135 3634 187 3674 vos
213 3614 313 3671 audire
338 3613 486 3683 vellemus
509 3620 541 3669 ut
565 3612 742 3686 haruspices,
766 3629 897 3686 augures,
921 3610 1032 3683 harioli,
1052 3624 1145 3687 vates,

49 3733 75 3774 m
89 3714 270 3772 coniectores
291 3711 376 3771 nobis
398 3718 495 3770 essent
519 3707 645 3767 colendi.
689 3708 745 3766 His
770 3707 925 3767 terroribus
948 3707 986 3767 ab
1011 3708 1145 3785 Epicuro
1158 3740 1181 3783 35
