2446 4102
93 280 153 342 104
416 278 465 327 ns
486 276 632 327 NATURA
654 275 814 327 DEORUM.

86 443 118 490 ut
139 432 292 508 Epicurus,
308 432 357 507 qui
379 432 418 489 ita
439 431 560 490 dividit:
590 431 730 503 omnium,
745 449 821 506 quae
843 431 909 504 sint,
924 440 1061 490 naturam
1075 451 1139 491 esse

87 549 212 605 corpora
225 540 253 587 et
268 530 363 601 inane,
379 547 511 604 quaeque
527 529 570 586 his
586 529 731 586 accidant.
774 528 832 587 Sed
850 547 904 586 nos
926 547 996 587 cum
1018 528 1141 587 dicimus

87 638 188 684 natura
208 637 341 683 constare
363 625 613 699 administrarique
640 624 792 696 mundum,
814 644 875 683 non
896 626 937 683 ita
957 625 1092 698 dicimus,
1111 636 1143 684 ut

86 725 219 799 glaebam
247 734 296 780 aut
324 724 516 797 fragmentum
543 721 648 796 lapidis
669 733 718 779 aut
740 722 851 797 aliquid
875 723 937 780 eius
962 722 1045 780 modi
1066 724 1143 781 nulla

88 821 264 879 cohaerendi
278 831 388 891 natura,
404 819 457 877 sed
478 828 510 876 ut
532 820 673 890 arborem,
696 828 727 876 ut
748 820 864 891 animal,
886 820 917 877 in
939 821 1045 895 quibus
1065 821 1173 878 nullas

88 919 243 989 temeritas,
259 917 312 975 sed
327 917 400 974 ordo
418 927 538 991 apparet
553 925 582 972 et
596 917 662 974 artis
678 915 824 991 quaedam
839 917 1008 976 similitudo.

44 983 81 1090 ’ἐξ
130 1015 244 1088 Quodsi
266 1033 309 1084 ea,
331 1032 405 1088 quae
428 1032 445 1070 a
465 1023 540 1070 terra
561 1014 696 1087 stirpibus
718 1013 912 1084 continentur,
934 1024 996 1071 arte
1024 1023 1142 1071 naturae

87 1113 185 1170 vivunt
201 1122 229 1168 et
248 1113 354 1185 vigent,
369 1111 501 1185 profecto
526 1111 590 1184 ipsa
610 1119 685 1168 terra
706 1110 812 1168 eadem
833 1111 861 1168 vi
882 1112 1049 1169 continetur
1067 1109 1143 1188 [arte

87 1207 236 1286 naturae]‚
265 1209 374 1283 quippe
404 1226 478 1282 quae
508 1207 657 1283 gravidata
681 1208 841 1266 seminibus
866 1209 966 1266 omnia
993 1209 1087 1284 pariat
1113 1218 1144 1265 et

88 1307 190 1364 fundat
211 1325 247 1363 ex
268 1323 341 1376 sese,
363 1306 466 1380 stirpes
488 1306 624 1380 amplexa
645 1305 702 1363 alat
723 1316 752 1363 et
777 1315 881 1380 augeat
903 1306 1026 1381 ipsaque
1054 1306 1144 1363 alatur
1157 1331 1181 1357 10

87 1405 213 1462 vicissim
241 1421 259 1459 a
286 1404 396 1477 superis
419 1404 603 1477 externisque
625 1404 742 1461 naturis.
793 1403 996 1478 Eiusdemque
1018 1403 1143 1478 exspira-

88 1503 214 1559 tionibus
226 1511 255 1558 et
274 1503 322 1559 aer
344 1502 426 1558 alitur
447 1512 476 1559 et
497 1501 597 1559 aether
618 1512 648 1559 et
670 1501 770 1558 omnia
790 1509 903 1575 supera.
948 1503 1003 1573 Ita,
1025 1501 1049 1558 si
1071 1510 1145 1559 terra

88 1609 189 1656 natura
216 1609 331 1656 tenetur
359 1609 387 1655 et
412 1600 498 1673 viget,
523 1597 629 1656 eadem
650 1600 724 1655 ratio
752 1598 781 1655 in
806 1599 918 1672 reliquo
941 1597 1055 1656 mundo
1081 1609 1144 1671 est;

89 1699 190 1771 stirpes
213 1698 289 1753 enim
311 1708 402 1753 terrae
425 1697 576 1753 inhaerent
587 1718 595 1768 ;
630 1697 792 1754 animantes
819 1706 918 1753 autem
947 1696 1144 1771 adspiratione

89 1796 161 1853 aeris
178 1795 364 1865 sustinentur,
381 1795 500 1868 ipseque
516 1795 566 1852 aer
586 1795 741 1852 nobiscum
762 1793 851 1865 videt,
873 1794 1032 1851 nobiscum
1054 1794 1144 1868 audit,
1159 1822 1181 1860 15

88 1893 242 1950 nobiscum
273 1902 375 1964 sonat,
410 1892 481 1948 nihil
516 1892 594 1948 enim
629 1909 730 1948 eorum
765 1891 827 1948 sine
863 1909 899 1949 eo
934 1892 996 1948 fieri
1027 1902 1145 1967 potest3

89 1991 158 2064 quin
186 1990 273 2047 etiam
300 2000 432 2047 movetur
459 1989 613 2046 nobiscum
625 2010 633 2061 ς
662 2006 849 2063 quacumque
872 1989 952 2046 enirn
974 1990 1059 2061 imuS,
1075 2008 1145 2065 qua-

52 2103 77 2144 st
90 2105 214 2161 cumque
230 2105 387 2157 movemur,
402 2086 516 2143 videtur
531 2088 612 2161 quasi
626 2086 724 2144 locum
744 2086 813 2143 dare
836 2095 865 2144 et
887 2086 1003 2145 cedere.
1047 2086 1145 2161 Quae-

90 2186 192 2260 quein
206 2184 335 2241 medium
350 2185 447 2240 locum
462 2184 575 2255 mundi,
591 2184 640 2258 qui
655 2194 699 2240 est
717 2184 842 2254 infimus,
858 2194 888 2240 et
909 2202 983 2258 quae
1007 2203 1025 2241 a
1044 2185 1145 2242 medio

89 2284 119 2340 in
134 2301 270 2356 superum
285 2301 417 2355 quaeque
434 2282 623 2339 conversione
638 2281 764 2339 rotunda
778 2283 888 2338 circum
903 2280 1035 2339 medium
1050 2282 1145 2339 ferun-
1159 2315 1183 2341 20

90 2391 143 2451 tur,
154 2399 188 2437 ea
203 2381 402 2436 continentem
417 2379 520 2436 mundi
535 2380 664 2437 efficiunt
679 2397 824 2454 unamque
840 2391 980 2437 naturam.
1025 2381 1147 2438 Etcum

91 2470 225 2554 quattuor
239 2496 346 2553 genera
361 2479 417 2534 sint
432 2496 596 2552 corporum,
612 2476 811 2534 vicissitudine
827 2495 928 2535 eorum
949 2476 1052 2535 mundi
1075 2495 1146 2537 eon-

90 2577 200 2633 tinuata
214 2586 315 2632 natura
330 2584 381 2633 est.
425 2576 503 2631 Nam
518 2593 554 2631 ex
575 2585 650 2632 terra
671 2593 755 2649 aqua,
771 2593 808 2632 ex
829 2593 905 2650 aqua
926 2576 1015 2633 oritur
1036 2577 1095 2648 air,
1110 2594 1147 2634 ex

91 2674 156 2731 aere
185 2673 292 2744 aether,
322 2671 430 2730 deinde
452 2682 608 2729 retrorsum
628 2673 755 2730 vicissim
777 2691 813 2729 ex
841 2673 959 2730 aethere
987 2674 1046 2745 aer,
1076 2672 1146 2730 inde

91 2790 174 2846 aqua,
190 2789 227 2828 ex
241 2789 317 2845 aqua
341 2779 415 2827 terra
437 2770 543 2826 infima.
588 2771 634 2827 Sic
657 2770 763 2826 naturis
785 2770 838 2840 his,
861 2788 897 2826 ex
919 2770 1023 2845 quibus
1046 2771 1147 2829 omnia
1158 2798 1181 2836 ις

91 2879 234 2939 constant,
251 2887 346 2925 sursus
362 2866 491 2938 deorsus,
508 2867 582 2924 ultro
605 2867 677 2924 citro
700 2866 933 2924 commeantibus
955 2866 1059 2925 mundi
1081 2886 1145 2944 par-

53 2987 78 3028 as
91 2967 162 3023 tium
184 2965 352 3022 coniunctio
375 2964 548 3022 continetur.
594 2964 677 3038 Quae
699 2974 748 3021 aut
769 2964 946 3039 sempiterna
966 2965 1003 3022 sit
1024 2983 1146 3025 necesse

92 3073 135 3119 est
157 3063 213 3118 hoc
237 3061 344 3118 eodem
365 3071 476 3131 ornatu,
500 3080 586 3135 quern
608 3060 751 3132 videmus,
775 3070 823 3118 aut
845 3072 923 3118 certe
945 3061 1146 3136 perdiutuma

91 3178 266 3235 permanens
289 3159 326 3216 ad
352 3159 542 3233 longinquum
558 3168 586 3215 et
601 3158 768 3216 inmensum
783 3177 876 3234 paene
895 3168 1020 3233 tempus.
1064 3160 1145 3235 Quo·

91 3277 155 3314 runt
182 3257 318 3314 utrumvis
348 3267 378 3313 ut
407 3258 451 3327 sit,
481 3257 608 3329 sequitur
635 3267 737 3313 natura
765 3255 907 3314 mundum
941 3256 1146 3319 administrari.
1154 3248 1183 3323 13ο

92 3355 175 3429 Quae
192 3356 269 3411 enim
285 3354 418 3410 classium
432 3354 576 3428 navigatio
592 3364 640 3411 aut
655 3372 729 3428 quae
750 3354 900 3411 instructio
921 3355 1066 3414 exercitus
1088 3366 1146 3428 aut,

91 3471 186 3509 rursus
208 3462 238 3508 ut
261 3470 303 3522 ea,
327 3469 400 3526 (luae
424 3461 525 3525 natura
547 3451 644 3523 efficit,
668 3452 860 3522 conseramus,
883 3469 958 3526 quae
979 3455 1147 3527 procreatio

92 3550 155 3607 vitis
177 3559 226 3606 aut
248 3549 364 3618 arboris,
388 3565 462 3622 quae
484 3566 570 3622 porro
593 3549 745 3605 animantis
774 3548 864 3622 figura
892 3548 1147 3626 conformatioque

92 3647 287 3704 membrorum
305 3655 415 3702 tantam
435 3654 554 3702 naturae
576 3645 731 3702 sollertiam
753 3645 904 3720 significat,
921 3656 1063 3720 quantam
1084 3648 1148 3723 ipse

92 3743 239 3802 mundus?
281 3745 338 3800 Aut
358 3743 442 3817 igitur
462 3742 534 3799 nihil
555 3751 607 3811 est,
630 3741 711 3816 quod
733 3743 875 3801 sentiente
897 3752 1001 3802 natura
1022 3754 1145 3822 regatur,
1158 3776 1182 3817 35
