2446 4102
290 271 356 318 Lm.
374 271 396 318 1.
430 270 784 319 cmxxxvt-xxxvru.
820 270 849 333 ξς
866 281 984 334 too-105.
1130 255 1170 334 63

115 425 187 484 nihil
208 425 371 483 cessatione
395 425 497 482 melius
520 425 671 481 existimat.
714 425 751 480 At
771 423 825 498 ipsi
848 432 945 480 tamen
966 424 1058 498 pueri,
1083 425 1169 483 etiam
1177 436 1213 490 37

115 542 185 581 cum
200 532 325 593 cessant,
341 522 548 579 exercitatione
563 522 659 595 aliqua
672 520 784 578 ludicra
803 520 1002 592 delectantur,·
1026 520 1114 578 deum
1130 524 1172 580 sic

114 620 249 677 feriatum
273 619 406 677 volumus
432 618 593 675 cessatione
626 627 749 691 torpere,
779 626 820 687 ut,
852 617 876 674 si
907 635 937 674 se
971 622 1170 693 commoverit,

113 734 275 787 vereamur,
295 734 333 772 ne
353 716 455 773 beatus
472 733 535 772 esse
555 733 616 772 non
635 715 746 789 possit?
789 715 874 771 Haec
892 717 984 772 oratio
1002 736 1062 775 non
1079 719 1170 777 modo

80 837 93 874 s
114 813 188 872 deos
208 814 312 889 spoliat
329 822 411 870 motu
430 820 460 869 et
479 813 594 869 actione
615 811 721 882 divina,
741 811 794 869 sed
814 812 901 869 etiam
922 814 1054 873 homines
1073 817 1169 875 inertis

113 911 213 982 efficit,
238 909 383 985 siquidem
407 927 496 985 agens
525 908 633 984 aliquid
661 927 698 966 ne
727 907 800 968 deus
828 910 948 985 quidem
976 931 1039 971 esse
1068 914 1169 973 beatus

112 1017 220 1083 potest.

153 1107 264 1163 Verum
286 1105 322 1164 sit
343 1123 422 1178 sane,
446 1113 479 1163 ut
502 1104 595 1176 vultiS,
620 1103 692 1162 deus
715 1105 824 1181 effigies
851 1107 975 1165 hominis
1002 1119 1030 1165 et
1052 1110 1212 1184 imag05103

111 1202 195 1279 quod
210 1203 271 1261 eius
286 1212 329 1260 est
344 1202 546 1260 domicilium?
567 1220 641 1276 quae
656 1202 762 1260 sedes?
784 1206 833 1278 qui
847 1206 949 1262 locus?
970 1225 1045 1280 quae
1060 1206 1167 1264 deinde

72 1301 191 1358 10actio
215 1301 312 1358 vitae?
332 1300 437 1374 quibus
462 1301 557 1370 rebus,
584 1299 614 1356 id
639 1300 720 1374 quod
745 1303 838 1372 vultiS,
864 1303 965 1360 beatus
989 1305 1053 1361 est?
1074 1314 1168 1362 utatur

47 1476 51 1483 ι
112 1399 192 1455 enim
207 1398 265 1456 suis
279 1399 364 1456 bonis
379 1406 495 1473 oportet
508 1407 539 1455 et
550 1399 665 1469 fruatur,
682 1400 732 1473 qui
747 1401 848 1457 beatus
864 1400 974 1458 futurus
994 1411 1046 1458 est.
1090 1404 1167 1460 Nam

110 1497 195 1555 locus
210 1496 331 1572 quidem
353 1497 387 1554 iis
408 1496 496 1553 etiam
518 1497 635 1567 naturis,
651 1515 726 1571 quae
745 1497 806 1554 sine
825 1498 928 1554 animis
947 1508 1022 1571 sunt,
1039 1518 1106 1557 suus
1125 1512 1167 1559 est

111 1597 220 1671 cuique
247 1595 388 1670 proprius,
410 1604 442 1652 ut
463 1604 538 1653 terra
558 1595 691 1652 infimum
713 1605 818 1666 teneat,
841 1595 917 1652 hanc
939 1596 1060 1653 inundet
1082 1616 1165 1671 aqua,

111 1695 244 1770 superior
261 1695 333 1766 atn',
353 1693 488 1752 aetheriis
509 1693 623 1768 ignibus
645 1693 781 1751 altissima
800 1711 849 1749 ora
868 1692 1013 1750 reddatur.
1057 1696 1166 1752 Bestia·

72 1802 298 1854 1srumautem
322 1802 454 1849 terrenae
479 1800 545 1848 sunt
570 1791 652 1862 aliae,
678 1791 781 1865 partim
811 1791 958 1864 aquatiles,
987 1792 1058 1847 aliae
1085 1795 1167 1866 quasi

110 1891 254 1967 ancipites
273 1891 303 1949 in
322 1902 444 1966 utraque
464 1889 535 1948 sede
552 1890 701 1959 viventes;
723 1898 789 1945 sunt
809 1887 954 1962 quaedam
976 1889 1073 1960 etiam,
1092 1908 1165 1963 quae

110 1990 179 2064 igne
194 1990 274 2047 nasci
288 1999 426 2064 putentur
440 1997 657 2064 appareantque
672 1987 702 2043 in
716 1985 884 2043 ardentibus
899 1986 1063 2043 fornacibus
1078 2006 1165 2062 saepe

109 2086 274 2145 volitantes,
325 2087 443 2161 Quaero
471 2086 563 2160 igitur,
592 2093 686 2142 vester
714 2083 786 2140 deus
815 2084 940 2170 primum
969 2084 1018 2141 ubi
1046 2085 1165 2156 habitet,
1173 2094 1210 2134 1⁰4

110 2183 221 2241 deinde
256 2203 332 2259 quae
367 2202 455 2242 causa
489 2202 557 2240 eum
591 2183 658 2240 loco
693 2190 818 2251 moveat,
851 2181 874 2237 si
909 2179 999 2238 modo
1034 2193 1167 2240 movetur

71 2305 97 2331 ιο
110 2280 278 2356 aliquand0,
296 2300 392 2356 porro,
410 2300 478 2339 cum
496 2281 554 2337 hoc
571 2281 719 2354 proprium
738 2279 773 2335 sit
788 2278 987 2349 animantium,
1007 2290 1037 2336 ut
1058 2281 1165 2355 aliquid

109 2378 261 2454 adpetant,
276 2377 358 2454 quod
373 2379 408 2436 sit
422 2388 541 2436 naturae
558 2375 826 2446 accommodatum,
849 2375 922 2433 deus
944 2376 1015 2450 quid
1037 2388 1163 2452 appetat,

108 2474 148 2534 ad
170 2494 259 2550 quam
281 2474 407 2550 denique
427 2494 488 2533 rem
504 2486 585 2532 motu
600 2475 705 2532 mentis
721 2492 756 2530 ac
771 2473 881 2530 ratione
897 2483 1000 2544 utatur,
1016 2485 1164 2548 postremo

108 2592 171 2648 quo
196 2572 287 2631 modo
311 2575 413 2631 beatus
439 2574 482 2644 sit,
509 2591 567 2647 quo
598 2572 688 2630 modo
716 2582 858 2628 aeternus.
912 2571 1060 2645 Quicquid
1086 2574 1164 2630 enim

108 2670 214 2728 horum
243 2671 378 2745 attigeris,
407 2671 489 2728 ulcus
518 2680 570 2728 est.
622 2672 667 2727 lta
695 2670 769 2726 male
799 2669 928 2725 instituta
955 2670 1026 2726 ratio
1056 2671 1163 2727 exitum

69 2794 94 2832 25
107 2768 234 2842 reperire
258 2786 319 2825 ηοη
343 2777 448 2843 potest.
491 2769 539 2825 Sic
563 2769 641 2824 enim
670 2767 799 2837 dicebas,
826 2767 954 2840 speciem
979 2766 1028 2823 dei
1053 2769 1207 2842 percipi10⁵

107 2866 296 2940 cogitatione,
310 2884 371 2923 non
386 2884 482 2937 sensu,
498 2884 554 2922 nec
570 2884 633 2923 esse
649 2867 678 2922 in
694 2883 729 2922 ea
750 2865 838 2921 ullam
860 2863 1044 2934 soliditatem,
1067 2883 1162 2939 neque

108 2963 235 3021 eandem
252 2963 289 3020 ad
304 2981 456 3020 numerum
471 2982 651 3037 permanere,
668 2981 792 3036 eamque
809 2981 871 3020 esse
889 2962 949 3019 eius
965 2962 1115 3034 visionem,
1132 2974 1163 3021 ut

107 3060 295 3119 similitudine
315 3071 344 3119 et
363 3061 530 3118 transitione
551 3071 691 3129 cernatur,
713 3078 809 3133 neque
829 3059 947 3117 deficiat
966 3078 1104 3133 umquam
1127 3080 1163 3118 ex

106 3159 226 3217 infinitis
241 3158 409 3233 corporibus
427 3159 562 3215 similium
581 3158 720 3227 accessi0,
738 3175 774 3214 ex
792 3175 886 3232 eoque
905 3158 975 3228 fieri,
993 3168 1024 3214 ut
1042 3158 1072 3214 in
1089 3159 1161 3216 haec

68 3279 93 3316 30
106 3257 219 3315 intenta
232 3273 315 3313 mens
330 3265 427 3313 nostra
441 3256 556 3313 beatam
571 3255 648 3311 illam
663 3264 794 3311 naturam
809 3263 838 3311 et
853 3256 1059 3329 sempiternam
1069 3266 1160 3330 putet.

107 3356 188 3424 Hoc,
210 3371 263 3428 per
283 3354 361 3428 ipsos
383 3352 464 3423 deos,
487 3352 524 3408 de
547 3352 651 3426 quibus
673 3352 826 3426 loquimur,
849 3354 934 3426 quale
955 3352 1075 3410 tandem
1096 3355 1203 3417 est?38

106 3453 186 3509 Nam
201 3451 224 3507 si
240 3460 353 3507 tantum
368 3449 458 3507 modo
475 3449 512 3506 ad
528 3450 736 3523 cogitationem
750 3450 847 3506 valent
864 3468 920 3506 nec
942 3450 1051 3508 habent
1073 3450 1159 3507 ullam

105 3547 283 3606 soliditatem
312 3566 368 3603 nec
397 3547 594 3616 eminentiam,
624 3544 695 3619 quid
728 3547 854 3615 interest,
886 3556 982 3603 utrum
1013 3546 1051 3604 de
1083 3547 1157 3620 Hip-

104 3654 286 3721 pocentauro
302 3662 339 3700 an
354 3643 392 3700 de
407 3643 465 3700 deo
486 3644 668 3716 cogitemus?
689 3661 808 3698 omnem
832 3644 909 3699 enim
934 3644 1020 3700 talem
1044 3645 1157 3701 confor-

66 3768 90 3807 ³⁵
104 3742 268 3801 mationem
291 3740 381 3798 animi
408 3740 497 3798 ceteri
523 3739 691 3815 philosophi
712 3749 823 3796 motum
841 3741 957 3797 inanem
976 3750 1091 3814 vocant,
1107 3761 1158 3800 vos
