2446 4102
346 296 413 348 LIB.
425 298 475 347 111.
508 298 570 347 Car.
582 298 682 347 v-VII.
717 298 850 362 §511-18.
1060 303 1114 366 141

65 470 185 527 semper
205 470 243 510 ex
263 453 344 510 omni
364 452 533 510 aeternitate
548 470 647 509 verum
665 453 757 525 fuerit,
772 452 803 511 id
818 471 881 511 esse
896 454 996 513 satum.
1039 455 1120 529 Quid

64 550 152 625 igitur
171 550 250 607 iuvat
263 560 312 607 aut
326 548 398 623 quid
413 549 506 606 adfert
520 549 558 607 ad
574 549 738 607 cavendum
759 551 832 607 scire
854 550 964 626 aliquid
985 553 1119 626 futurum,

65 667 136 705 cum
158 646 189 703 id
211 656 289 703 certe
310 647 437 704 futurum
459 647 515 704 sit?
556 646 644 706 Unde
666 665 753 722 porro
775 648 829 705 ista
845 646 1006 707 divinatio?
1047 651 1120 724 Quis

64 746 177 803 invenit
190 745 290 802 fissum
305 745 429 801 iecoris?
449 744 513 817 quis
528 745 652 802 cornicis
668 755 787 802 cantum
801 746 920 816 notavit,
936 749 1000 820 quis
1017 749 1121 806 sortis?

34 863 45 900 ⁵
65 843 172 917 quibus
187 860 243 916 ego
259 841 358 912 cred0,
369 859 426 898 nec
440 858 560 915 possum
575 842 635 898 Atti
650 842 744 910 Navii‚
758 860 845 916 quem
858 846 1119 916 commemorabas

64 940 168 997 lituum
189 948 388 996 contemnere.
431 938 489 996 Sed
506 939 556 1013 qui
577 939 631 995 ista
651 939 799 996 intellecta
820 939 917 1010 sint,a
938 942 1118 1016 philosophis

64 1036 163 1095 debeo
176 1034 297 1107 discere,
309 1036 479 1110 praesertim
494 1054 562 1092 cum
576 1036 706 1111 plurimis
719 1036 757 1093 de
772 1037 858 1095 rebus
874 1037 962 1095 divini
977 1039 1022 1095 isti
1037 1057 1117 1096 men·

63 1135 181 1192 tiantur.
223 1136 262 1191 At
280 1133 389 1191 medici
406 1151 524 1208 quoque
544 1133 599 1210 (ita
619 1134 696 1191 enim
713 1133 848 1209 dicebas)
868 1153 955 1210 saepe
976 1136 1117 1194 falluntur.
1132 1155 1158 1196 15

65 1230 147 1305 Quid
169 1230 262 1288 simile
283 1229 439 1302 medicina,
461 1231 542 1288 cuius
564 1249 620 1305 ego
642 1232 784 1288 rationem
805 1231 902 1303 viden,
920 1243 949 1290 et
970 1232 1118 1305 divinatio,

29 1351 52 1378 10
63 1346 140 1402 quae
162 1327 243 1385 unde
264 1328 380 1398 oriatur,
395 1345 456 1385 non
476 1328 634 1402 intellego?
675 1329 721 1385 Tu
738 1338 836 1386 autem
855 1329 942 1386 etiarn
960 1331 1119 1389 Deciorum

64 1425 273 1483 devotionibus
287 1425 417 1500 placatos
432 1425 504 1483 deos
520 1444 583 1483 esse
598 1444 711 1484 censes.
754 1426 839 1499 Quae
854 1427 906 1483 fuit
921 1445 1021 1485 eorum
1040 1436 1120 1486 tanta

64 1523 212 1596 iniquitas
227 1533 259 1579 ut
278 1523 386 1597 placari
404 1523 514 1598 populo
535 1525 671 1581 Romano
691 1543 752 1581 non
769 1534 898 1598 possent,
914 1525 968 1581 nisi
983 1525 1033 1581 viri
1048 1527 1118 1583 tales
1200 1592 1203 1597 .

64 1619 266 1678 occidissent?
306 1620 468 1678 Consilium
493 1620 563 1677 illud
588 1621 806 1696 imperatorium
828 1621 888 1691 suit,
910 1621 991 1695 quod
1013 1623 1118 1679 Graeci

64 1716 254 1795 στρατήγημα
269 1717 427 1792 appellant,
442 1716 495 1774 sed
510 1735 612 1775 eorum
627 1718 842 1792 imperatorum,
858 1718 908 1791 qui
922 1719 1031 1792 patriae
1047 1737 1116 1776 con·

28 1840 51 1876 ιε
65 1815 202 1885 sulerent,
217 1814 293 1870 vitae
312 1832 373 1871 non
393 1824 545 1888 parcerent
555 1835 564 1887 ;
585 1815 722 1872 rebantur
741 1815 820 1872 enim
841 1816 902 1872 fore
924 1825 955 1872 ut
976 1817 1118 1874 exercitus

64 1913 273 1987 imperatorem
288 1929 365 1985 equo
380 1912 500 1969 incitato
520 1930 551 1970 se
572 1913 602 1969 in
621 1912 736 1970 hostem
753 1913 947 1970 inmittentem
962 1931 1118 1988 perseque-

63 2020 151 2081 retur,
170 2007 201 2066 id
220 2007 301 2083 quod
320 2009 425 2066 evenit.
469 2011 547 2066 Nam
567 2011 659 2067 Fauni
676 2029 781 2067 vocem
801 2010 939 2084 equidem
958 2029 1119 2086 numquam

64 2107 164 2165 audivi
174 2127 184 2179 3
206 2105 267 2178 tibi,
282 2106 306 2163 si
327 2106 471 2164 audivisse
492 2116 521 2164 te
541 2106 623 2178 dicis
640 2107 768 2178 credam,
785 2108 838 2164 etsi
860 2109 976 2165 Faunus
998 2109 1118 2167 omnino

65 2204 137 2279 quid
159 2204 196 2261 sit
216 2203 326 2260 nescio
370 2205 440 2261 Non
458 2204 543 2278 igitur
562 2203 670 2273 adhuc,
687 2213 828 2278 quantum
843 2203 962 2279 quidem
978 2206 1008 2262 in
1022 2216 1050 2263 te
1066 2214 1147 2277 est?

26 2330 51 2356 w
64 2302 166 2372 Balbe,
182 2301 319 2375 intellego
334 2300 406 2358 deos
426 2318 499 2373 esse,
514 2319 588 2374 quos
607 2299 746 2375 equidem
765 2300 854 2359 credo
874 2320 956 2374 esse;
979 2301 1032 2360 sed
1049 2303 1119 2360 nihil

64 2399 178 2456 docent
206 2397 304 2455 Stoici.
354 2399 431 2455 Nam
457 2398 622 2468 Cleanthes
649 2409 680 2456 ut
705 2398 834 2469 dicebas,
860 2409 995 2472 quattuor
1023 2400 1118 2458 modis
1132 2414 1156 2454 16

64 2497 204 2554 formatas
219 2495 249 2552 in
263 2494 366 2552 animis
380 2495 532 2553 hominum
544 2505 626 2570 putat
637 2494 760 2553 deorum
776 2514 839 2552 esse
854 2497 998 2554 notiones.
1034 2499 1118 2556 Unus

65 2595 89 2651 is
111 2591 219 2650 modus
241 2601 292 2663 est,
310 2592 348 2649 de
366 2611 425 2667 quo
445 2594 511 2651 satis
529 2592 597 2667 dixi,
616 2593 666 2667 qui
688 2604 731 2650 est
752 2603 903 2669 susceptus
925 2612 961 2651 ex
982 2612 1116 2668 praesen-

65 2691 148 2749 sione
170 2707 266 2746 rerum
287 2690 453 2760 futurarum,
475 2690 547 2747 alter
568 2708 605 2747 ex
626 2691 889 2765 perturbationibus
911 2701 1117 2766 tempestatum

26 2819 50 2856 ας
65 2797 96 2846 et
110 2787 226 2861 reliquis
242 2787 377 2857 motibus,
393 2787 492 2844 tertius
507 2805 543 2844 ex
558 2787 768 2845 commoditate
783 2807 887 2858 rerum,
904 2807 975 2863 quas
994 2789 1117 2864 percipi-

65 2903 141 2955 muS,
156 2893 186 2941 et
206 2882 301 2959 copia,
316 2894 433 2958 quartus
455 2902 491 2941 ex
512 2894 652 2942 astrorum
672 2884 774 2942 ordine
795 2885 925 2960 caelique
946 2887 1117 2944 constantia.

67 2984 114 3040 De
136 2981 344 3056 praesensione
364 2981 499 3040 diximus.
542 2984 588 3039 De
610 2983 874 3056 perturbationibus
896 2984 1068 3042 caelestibus
1090 2996 1119 3042 et

65 3079 217 3137 maritimis
238 3088 267 3136 et
288 3079 408 3136 terrenis
429 3097 488 3136 non
510 3098 664 3154 possumus
685 3079 793 3151 dicere,
814 3099 881 3137 cum
903 3099 938 3138 ea
959 3082 1037 3153 fiant,
1058 3100 1119 3140 non

65 3194 131 3234 esse
148 3177 265 3247 multos,
281 3176 330 3249 qui
351 3176 398 3233 illa
419 3187 549 3234 metuant
567 3187 595 3234 et
613 3176 688 3234 adis
711 3178 908 3235 inmortalibus
929 3178 991 3235 fieri
1013 3179 1119 3236 existu-

29 3298 54 3336 30
65 3283 169 3345 ment3
191 3271 318 3331 sednon
333 3273 364 3331 id
378 3275 530 3348 quaeritur,
547 3275 641 3332 sintne
656 3275 752 3348 aliqui,
768 3276 817 3349 qui
831 3274 903 3332 deos
919 3294 982 3332 esse
997 3286 1119 3350 putent;
1133 3288 1157 3330 1⁷

66 3371 99 3429 di
113 3379 209 3428 utrum
224 3371 281 3428 sint
294 3388 389 3428 necne
405 3371 639 3446 sint-quaeritur.
683 3372 760 3428 Nam
775 3372 902 3446 reliquae
918 3391 1031 3443 causae,
1047 3391 1119 3446 quas

68 3467 228 3527 Cleanthes
246 3467 347 3538 adfert,
363 3486 484 3542 quarum
504 3488 561 3525 una
581 3478 624 3526 est
639 3468 676 3525 de
697 3468 930 3540 commodorum,
946 3488 1021 3542 quae
1041 3470 1119 3545 capi·
1211 3466 1214 3473 '

68 3584 142 3638 mus,
158 3565 254 3639 eopia,
269 3564 358 3622 altera
372 3565 409 3622 de
424 3574 590 3640 temporum
604 3565 706 3622 ordine
722 3566 853 3640 caelique
872 3567 1042 3636 constantia,
1058 3576 1120 3624 tum

68 3663 270 3721 tractabuntur
286 3681 304 3718 a
319 3663 413 3734 nobis,
428 3681 497 3719 cum
512 3662 722 3738 disputabimus
738 3661 776 3720 de
791 3663 973 3737 providentia
988 3663 1119 3735 deorum,

32 3780 56 3820 ³⁵
69 3759 108 3819 de
129 3778 189 3835 qua
209 3759 332 3836 plurima
352 3768 428 3831 ate,
449 3760 547 3831 Balbe,
566 3760 646 3818 dicta
667 3770 734 3818 sunt
744 3781 753 3833 ;
775 3758 940 3834 eodemque
964 3760 1010 3818 illa
1033 3761 1121 3820 etiam
1134 3775 1159 3817 18
