2446 4102
101 234 160 297 132
424 236 473 288 DE
493 239 640 290 NATURA
661 236 821 291 DEORUM.

98 393 185 464 Ulixi,
203 392 352 465 Diomedi,
367 394 591 469 Agamemnoni,
606 394 721 466 Achilli,
737 404 832 452 certos
854 391 928 452 deos
950 392 1149 451 discriminum

99 501 129 548 et
142 491 337 565 periculorum
352 492 476 549 comites
490 492 670 567 adiungeret.
713 493 865 548 Praeterea
885 491 1015 565 ipsomm
1030 490 1149 548 deorum

99 606 187 663 saepe
201 588 392 663 praesentiae,
408 589 508 662 quales
528 607 616 663 supra
637 587 874 659 commemoravi,
890 586 1042 645 declarant
1062 588 1099 645 ab
1119 587 1150 644 iis

100 694 128 742 et
143 686 306 743 civitatibus
321 695 350 742 et
365 685 483 759 singulis
498 685 664 743 hominibus
679 685 810 758 consuli,
833 683 915 759 quod
936 684 1057 759 quidem
1072 683 1149 742 intel-

100 783 202 857 legitur
216 784 303 839 etiam
325 782 583 856 significationibus
604 801 699 840 rerum
722 782 889 852 futurarum,
905 800 982 856 quae
1004 792 1067 840 tum
1088 781 1177 840 dor-s

102 881 266 949 mientibuS,
295 890 357 936 tum
385 880 568 954 vigilantibus
599 879 822 955 portenduntur.
880 880 976 937 Multa
1005 890 1152 954 praeterea

102 978 230 1047 ostentis
256 977 346 1033 multa
370 977 442 1034 extis
468 975 662 1035 admonemur
686 978 841 1052 multisque
870 977 957 1035 rebus
986 978 1057 1049 aliis,
1083 995 1151 1052 quas

61 1084 94 1123 1¹⁵7
102 1074 253 1131 diuturnus
268 1093 336 1131 usus
351 1075 391 1131 ita
405 1075 524 1146 notavit,
537 1084 569 1132 ut
583 1084 675 1132 artem
687 1073 872 1132 divinationis
887 1074 1027 1132 efficeret.
1056 1075 1152 1132 Nemo

102 1172 186 1245 igitur
200 1172 241 1228 vir
256 1190 378 1245 magnus
393 1171 455 1229 siue
470 1172 568 1246 aliquo
582 1170 690 1228 adflatu
709 1170 809 1229 divino
826 1189 967 1245 umquam
983 1171 1047 1228 suit.
1089 1171 1153 1228 Nec

102 1287 170 1325 vero
186 1269 220 1324 id
231 1269 269 1325 ita
283 1268 474 1326 refellendum
489 1278 541 1339 est,
558 1279 598 1340 ut,
611 1269 635 1326 si
649 1268 795 1343 segetibus
811 1278 861 1326 aut
874 1268 979 1326 vinetis
993 1269 1153 1344 cuiuspiam
1165 1292 1187 1318 ιο

103 1375 260 1439 tempestas
275 1367 416 1436 nocuerit,
431 1375 481 1424 aut
503 1364 613 1440 siquid
634 1384 651 1423 e
668 1367 743 1423 vitae
765 1364 931 1423 commodis
953 1384 1038 1424 casus
1060 1366 1153 1425 abstu-

104 1464 173 1525 lerit.
200 1481 277 1532 eum,
306 1463 353 1520 cui
381 1462 453 1538 quid
482 1463 586 1521 horum
615 1462 763 1534 acciderit,
790 1473 840 1520 aut
867 1463 992 1521 invisum
1021 1463 1081 1521 deo
1108 1473 1155 1520 aut

104 1561 270 1634 neglectum
293 1579 310 1618 a
331 1559 389 1618 deo
410 1560 584 1619 iudicemus.
629 1563 740 1636 Magna
761 1560 792 1618 di
812 1570 923 1632 curant,
946 1579 1036 1636 parva
1059 1561 1154 1637 negle-

105 1667 184 1732 gunt.
227 1658 343 1733 llagnis
364 1667 461 1716 autem
477 1659 542 1716 viris
564 1676 720 1734 prosperae
743 1676 859 1732 semper
879 1638 1054 1731 omnes⁹res,
1069 1659 1154 1733 siqui-

105 1755 173 1811 ‹leni
189 1756 256 1812 satis
274 1774 292 1812 a
311 1756 414 1813 nostris
436 1765 466 1813 et
487 1774 505 1813 a
524 1756 657 1830 principe
678 1754 881 1831 philosophiae
903 1756 1023 1814 Socrate
1045 1755 1155 1814 dictum
1169 1780 1191 1819 ις

105 1863 149 1909 est
163 1851 200 1908 de
216 1853 393 1911 ubertatibus
408 1853 518 1911 virtutis
533 1862 562 1910 et
577 1853 679 1928 copiis.

62 1930 98 2034 ⁴¹1}
149 1951 234 2005 Haec
250 1950 320 2006 mihi
334 1950 393 2007 lere
408 1950 437 2007 in
452 1961 582 2008 mentem
596 1950 761 2020 veniebant,
777 1967 852 2025 quae
874 1949 1003 2008 dicenda
1024 1961 1156 2026 putarem

106 2047 143 2102 ile
167 2055 269 2103 natura
291 2046 423 2104 deorum.
465 2049 511 2104 Tu
536 2057 644 2119 autem,
668 2048 764 2117 Cotta,
780 2049 802 2104 si
827 2064 875 2105 me
897 2047 1008 2119 audias,
1031 2047 1157 2106 eandem

107 2163 224 2200 causam
237 2162 304 2218 agas
316 2155 403 2218 teque
418 2153 447 2200 et
461 2145 624 2219 principem
636 2145 730 2201 civem
746 2153 774 2201 et
789 2144 958 2219 pontificem
971 2163 1035 2203 esse
1048 2147 1157 2221 cogites

108 2254 145 2303 ct,
169 2242 308 2314 quoniam
333 2241 360 2297 in
383 2251 536 2315 utramque
561 2250 672 2316 partem
696 2241 778 2298 vobis
803 2241 870 2298 licet
899 2241 1058 2317 disputare,
1082 2243 1194 2300 hancm

108 2340 203 2413 potius
225 2358 321 2396 sumas
343 2356 467 2413 eamque
489 2338 657 2395 facultatem
672 2337 843 2409 disserendi,
859 2356 947 2412 quarn
962 2340 1015 2397 tibi
1030 2359 1048 2396 a
1061 2340 1156 2398 rheto-

108 2437 173 2493 ricis
199 2436 452 2493 exercitationibus
477 2444 629 2508 acceptam
655 2435 841 2509 amplificavit
865 2435 1036 2508 Academia,
1061 2438 1158 2512 potius

110 2535 166 2590 huc
182 2534 322 2590 conferas.
366 2534 445 2589 Mala
460 2532 582 2588 enimet
597 2532 686 2606 impia
700 2531 885 2590 consuetudo
900 2541 943 2590 est
963 2543 1066 2592 contra
1086 2533 1158 2593 deos

109 2632 287 2706 disputandi,
303 2632 362 2691 sive
377 2650 414 2689 ex
429 2631 527 2688 animo
541 2629 572 2688 id
586 2630 617 2688 fit
631 2631 690 2690 sive
705 2630 847 2687 simulate.
