2446 4102
126 262 184 339 158
449 271 497 320 ou
520 270 664 320 NATURA
687 268 847 321 DEORUM.

84 428 283 486 eaVideturne
307 443 423 484 summa
445 424 620 500 inprobitate
635 443 712 490 ‚usus
735 442 796 483 non
819 424 880 483 sine
903 442 1020 484 summa
1042 442 1107 485 esse
1131 443 1172 485 ra·

122 528 223 584 tione?
265 526 330 583 Nec
351 541 419 581 vero
441 540 548 580 scaena
568 521 662 579 solum
683 521 789 579 referta
809 532 852 580 est
873 522 917 581 his
939 522 1106 596 sceleribuS,
1121 523 1174 584 sed

122 625 213 681 multo
238 624 295 680 vita
320 620 485 678 communis
510 637 605 694 paene
630 619 795 677 maioribus
837 619 930 678 Sentit
954 621 1062 679 domus
1089 622 1173 680 unius

122 723 272 796 cuiusque,
294 720 381 777 sentit
402 719 506 788 forum,
529 717 615 774 sentit
636 717 724 789 curia,
747 734 878 792 campus,
895 718 977 790 socii,
996 719 1172 794 provinciae,

121 829 162 890 ut,
187 837 275 893 quem
298 816 336 874 ad
360 816 483 873 modum
505 815 616 872 ratione
639 824 718 871 recte
741 815 800 886 fiat,
824 815 865 872 sic
890 816 1001 873 ratione
1024 825 1199 891 peccetur,s

122 917 302 990 altemmque
324 924 353 971 et
374 933 391 970 a
411 913 512 987 paucis
534 922 563 969 et
584 930 657 982 rar0,
673 912 794 969 alterum
810 922 840 970 et
856 931 945 988 saepe
960 922 989 971 et
1003 931 1021 970 a
1034 914 1172 989 plurimis,

122 1025 154 1072 ut
168 1013 255 1071 satius
269 1012 353 1069 fuerit
370 1011 477 1068 nullam
498 1010 620 1067 omnino
642 1009 726 1067 nobis
748 1028 766 1066 a
786 1009 830 1067 dis
853 1010 1053 1069 inmortalibus
1075 1010 1172 1070 datam

123 1130 186 1169 esse
214 1111 356 1167 rationem
382 1127 469 1183 quam
494 1116 575 1164 tanta
602 1126 670 1164 cum
698 1107 827 1182 pernicie
857 1106 964 1165 datam.
1007 1108 1049 1168 Ut
1074 1109 1172 1167 vinum

122 1209 254 1284 aegrotis,
278 1207 346 1283 quia
368 1205 488 1280 prodest
509 1223 582 1276 rar0,
606 1213 695 1262 nocet
717 1204 894 1279 saepissime,
918 1205 1021 1263 melius
1045 1216 1090 1264 est
1114 1225 1173 1265 non

122 1306 261 1364 adhibere
281 1304 402 1361 omnino
417 1321 506 1377 quam
520 1320 573 1377 spe
588 1301 695 1360 dubiae
711 1303 807 1360 salutis
822 1302 852 1359 in
866 1312 997 1379 apertam
1012 1304 1172 1378 perniciem
1184 1331 1205 1359 10

123 1404 276 1472 incurrere,
292 1401 334 1458 sic
349 1398 428 1456 haud
443 1400 505 1456 scio
519 1418 557 1457 an
572 1399 675 1456 melius
689 1398 773 1457 suerit
792 1399 921 1458 humano
941 1401 1041 1476 generi
1061 1412 1171 1460 motum

123 1500 209 1558 istum
231 1499 357 1556 celerem
380 1497 572 1572 cogitationis,
588 1514 724 1568 acumen,
740 1497 905 1569 sollertiam,
921 1517 1009 1572 quarn
1030 1499 1172 1558 rationem

122 1615 270 1666 vocamus,
293 1595 432 1671 quoniam
453 1594 589 1669 pestifera
610 1603 654 1651 est
675 1594 780 1666 multis,
795 1593 957 1653 admodum
977 1597 1079 1671 paucis
1101 1598 1173 1656 salu·

32 1703 34 1706 ’
122 1695 197 1765 taris,
213 1712 273 1751 non
291 1692 352 1749 dari
374 1692 495 1749 omnino
517 1709 605 1766 quam
627 1700 687 1748 tam
708 1691 846 1750 munifice
870 1700 899 1750 et
921 1702 981 1750 tam
1002 1692 1080 1770 large
1103 1695 1172 1754 dari.

84 1806 109 1846 το
123 1793 220 1866 Quam
246 1791 285 1848 ob
309 1807 371 1847 rern
396 1789 418 1846 si
444 1807 527 1846 niens
552 1789 742 1864 voluntasque
771 1789 870 1847 divina
893 1789 1004 1848 idcirco
1029 1793 1174 1852 consuluit
1186 1814 1206 1852 ιε

122 1889 298 1959 hominibus,
315 1886 397 1961 quod
411 1886 444 1944 iis
459 1894 503 1943 est
517 1886 617 1961 largita
630 1886 782 1959 rationem,
798 1887 831 1944 iis
846 1887 914 1945 solis
929 1889 1084 1962 consuluit,
1099 1909 1173 1967 quos

121 1988 200 2045 bona
221 1986 333 2042 ratione
359 1984 488 2056 donavit,
512 2002 587 2059 quos
609 1984 751 2055 videmus,
775 1984 799 2042 si
822 1985 912 2043 modo
935 1987 984 2043 ulli
1010 1998 1086 2060 sunt,
1111 2006 1173 2047 esse

121 2101 293 2159 perpaucos.
337 2082 407 2138 Non
424 2081 521 2155 placet
542 2091 638 2138 autem
661 2083 761 2155 paucis
782 2101 800 2138 a
822 2081 866 2140 dis
888 2083 1088 2143 inmortalibus
1111 2104 1172 2144 esse

122 2181 307 2252 consultum,
330 2179 458 2253 sequitur
473 2196 552 2253 ergo,
568 2188 598 2235 ut
613 2179 722 2236 nemini
738 2180 903 2237 consultum
918 2181 963 2238 sit.

77 2281 113 2334 28
163 2279 244 2335 Huic
268 2278 334 2335 loco
360 2277 401 2333 sic
426 2276 524 2332 soletis
549 2294 719 2333 occurrere:
749 2295 808 2334 non
832 2278 942 2335 idcirco
967 2297 1027 2336 non
1053 2290 1207 2356 optume„

120 2377 204 2434 nobis
220 2395 237 2432 a
251 2375 296 2432 dis
311 2392 374 2431 esse
389 2374 546 2448 provisum,
562 2373 643 2448 quod
658 2374 739 2431 multi
755 2392 855 2432 eorum
871 2376 1017 2435 beneficio
1038 2396 1172 2453 perverse

120 2483 287 2544 uterentur3
310 2472 396 2529 etiam
412 2471 593 2546 patrimoniis
609 2471 714 2528 inultos
730 2472 805 2528 male
821 2473 871 2542 uti,
886 2491 942 2530 nec
958 2474 997 2531 ob
1018 2493 1083 2532 eam
1105 2495 1172 2535 cau-

120 2590 182 2629 sam
205 2589 255 2626 eos
280 2568 458 2627 beneficium
479 2586 497 2623 a
517 2568 646 2642 patribus
671 2569 781 2625 nullum
807 2569 924 2626 habere.
971 2571 1172 2647 Quisquamne

120 2669 194 2726 istuc
216 2667 324 2740 negat?
349 2675 398 2722 aut
419 2683 494 2739 quae
516 2665 610 2722 estin
633 2665 787 2722 collatione
809 2667 863 2724 ista
885 2667 1066 2727 similitudo?
1108 2672 1172 2729 Nec

121 2766 199 2823 enim
216 2763 336 2821 Herculi
356 2781 464 2820 nocere
480 2763 618 2819 Deianira
631 2763 730 2834 voluit,
747 2782 815 2820 cum
835 2765 862 2821 ei
881 2765 1011 2822 tunicam
1031 2769 1171 2844 sanguine
1185 2797 1206 2836 ις

121 2862 258 2921 Centauri
284 2861 403 2917 tinctam
432 2859 522 2930 dedit,
546 2878 602 2916 nec
625 2859 765 2935 prodesse
789 2861 920 2920 Pheraeo
944 2864 1043 2921 Iasoni
1068 2865 1101 2937 is,
1125 2867 1172 2942 qui

120 2960 217 3035 gladio
235 2959 379 3015 vomicam
403 2957 463 3014 eius
487 2957 606 3031 aperuit,
623 2975 712 3031 quam
733 2977 834 3016 sanare
857 2959 965 3017 medici
987 2980 1048 3019 non
1069 2972 1171 3038 potue·

119 3067 191 3115 rant.
235 3056 320 3113 Multi
344 3056 480 3125 enimet,
504 3073 571 3111 cum
594 3056 698 3112 obesse
719 3056 834 3128 vellent,
858 3058 1028 3131 profuerunt
1050 3069 1088 3132 et,
1104 3079 1172 3120 cum

119 3154 269 3230 prodesse,
285 3153 449 3210 obfuerunt.
494 3153 612 3210 Itanon
628 3153 659 3209 fit
674 3171 710 3209 ex
725 3171 770 3224 e0,
787 3154 867 3228 quod
886 3155 978 3227 datur,
994 3167 1026 3214 ut
1040 3158 1173 3216 voluntas

120 3255 190 3322 eius,
207 3253 256 3326 qui
278 3250 400 3320 dederit,
416 3259 565 3324 appareat,
583 3269 647 3321 nec,
666 3251 690 3308 si
711 3252 743 3322 is,
763 3252 811 3326 qui
834 3253 957 3328 accepit,
976 3253 1053 3312 bene
1074 3256 1170 3332 utitur,
1184 3286 1208 3325 ,ο

83 3365 105 3404 u
120 3350 230 3407 idcirco
257 3349 288 3418 ie,
315 3348 364 3422 qui
390 3347 480 3418 dedit,
507 3348 600 3405 amice
626 3346 717 3406 dedit.
761 3349 845 3422 Quae
871 3350 949 3407 enim
973 3351 1074 3424 libido,
1098 3371 1171 3429 quae

120 3447 245 3515 avaritia,
262 3444 343 3519 quod
358 3445 469 3501 facinus
485 3455 533 3502 aut
548 3447 703 3521 suscipitur
716 3446 771 3503 nisi
791 3447 913 3504 consilio
934 3458 1022 3523 capto
1042 3459 1092 3508 aut
1111 3451 1171 3509 sine

120 3544 209 3600 animi
234 3552 316 3598 motu
343 3552 371 3598 et
397 3543 583 3616 cogitatione,
607 3542 637 3600 id
666 3553 709 3600 est
737 3544 857 3614 ratione,
883 3544 1053 3618 perficitur?
1095 3549 1171 3607 Nam

121 3641 215 3698 omnis
241 3640 341 3713 opinio
366 3640 438 3696 ratio
465 3648 516 3709 est,
543 3649 571 3696 et
596 3640 715 3714 quidem
741 3641 820 3698 bona
845 3642 926 3713 rati0,
950 3642 974 3699 si
996 3661 1075 3717 vera,
1098 3645 1172 3703 mala

122 3749 228 3808 autem,
245 3737 267 3794 si
282 3737 352 3793 salsa
369 3745 413 3794 est
434 3736 543 3811 opinio
586 3736 644 3795 Sed
665 3756 683 3794 a
704 3737 761 3795 deo
783 3747 896 3797 tantum
917 3740 1062 3801 rationem
1083 3742 1203 3813 habe-35
