2446 4102
104 263 147 325 66
432 279 480 326 nn
502 279 648 327 uarum
672 277 831 328 onouuu.

104 432 142 489 ad
156 433 271 490 beatam
286 432 373 489 vitam
388 433 560 507 pertineant,
575 442 675 489 ventre
696 432 799 503 metiri,
814 449 910 506 neque
925 429 956 489 id
971 431 1063 489 semel
1077 430 1159 503 dicit,

104 529 156 588 sed
182 530 305 604 saepius
348 530 485 587 Adnuere
514 539 542 586 te
570 528 676 601 vide03
702 538 772 586 nota
796 530 874 586 enim
903 528 954 586 tibi
983 538 1069 600 sunt;
1092 546 1158 603 pro·

104 629 206 685 ferrem
230 628 324 697 libros,
349 627 372 684 si
396 644 526 702 negares,
570 627 676 700 Neque
699 645 777 682 nunc
800 624 994 700 reprehendo,
1013 624 1096 699 quod
1120 624 1160 682 ad

103 726 282 799 voluptatem
305 725 405 780 omnia
424 724 582 780 reserantur
601 723 734 799 (aliaest
755 741 791 779 ea
809 721 971 797 quaestio),
986 721 1041 779 sed
1061 720 1159 780 doceo

105 823 177 880 deos
191 831 301 879 vestros
316 839 379 878 csse
392 821 546 895 voluptatis
561 821 756 899 expertuqita
769 831 865 877 vestro
880 819 989 876 iudicio
1004 837 1042 876 ne
1056 820 1160 877 beatos
1179 837 1189 875 s

106 919 234 995 quidem.
277 922 315 999 At
329 919 430 976 dolore
445 928 559 975 vacant.
602 919 682 976 Satin
697 928 740 975 est
754 917 785 975 id
801 917 838 974 ad
860 918 937 975 illam
958 915 1160 975 abundantem

104 1017 188 1076 bonis
210 1018 298 1074 vitam
322 1016 540 1074 beatissimam?
582 1016 707 1090 Cogitat,
730 1015 872 1089 inquiunt,
895 1013 1018 1071 adsidue
1039 1014 1160 1072 beatum

104 1133 168 1172 esse
192 1134 242 1187 se;
265 1115 353 1172 habet
375 1115 454 1171 enim
476 1113 547 1170 nihil
566 1112 653 1183 aliud,
671 1112 752 1186 quod
772 1112 860 1187 agitet
877 1112 907 1169 in
926 1120 1035 1170 mente.
1080 1112 1159 1170 Con-

104 1212 254 1288 prehende
269 1213 354 1287 igitur
368 1212 465 1268 animo
481 1220 509 1267 et
524 1228 657 1284 propone
673 1219 740 1267 ante
756 1210 857 1267 oculos
876 1207 964 1266 deum
987 1209 1060 1267 nihil
1081 1208 1161 1267 aliud

104 1313 134 1370 in
168 1313 248 1369 omni
277 1312 444 1369 aeternitate
485 1310 540 1366 nisi
576 1309 683 1366 ‘Mihi
717 1308 871 1384 pulchre
906 1309 975 1366 est’
1001 1311 1197 1384 ethgow

104 1410 232 1467 beatus
255 1410 345 1467 sum’
368 1408 555 1483 cogitantem.
598 1406 664 1463 Nec
679 1415 779 1463 tamen
792 1405 889 1479 video,
904 1423 965 1481 quo
984 1405 1079 1464 modo
1100 1425 1161 1464 non

104 1518 235 1565 vereatur
252 1508 303 1564 iste
325 1505 398 1563 deus
418 1506 529 1575 beatuS,
551 1523 589 1561 ne
611 1504 742 1575 intereat,
764 1522 832 1560 cum
854 1504 915 1561 sine
937 1503 996 1560 ulla
1016 1504 1159 1562 intermis-

105 1605 186 1662 sione
214 1604 343 1678 pulsetur
370 1603 550 1677 agiteturque
584 1610 748 1658 atomorum
776 1600 942 1657 incursione
971 1602 1160 1676 sempiterna,

105 1720 231 1776 cumque
251 1719 288 1758 ex
303 1702 368 1775 ipso
387 1701 526 1774 imagines
545 1717 661 1774 semper
679 1698 807 1755 affluant.
851 1699 897 1755 Ita
915 1715 973 1755 nec
991 1699 1096 1757 beatus
1117 1709 1161 1758 est

103 1810 198 1856 vester
212 1798 284 1856 deus
299 1816 355 1855 nec
370 1807 511 1855 aeternus.
1175 1818 1202 1855 ¹⁵-

61 1910 99 1950 115
145 1899 182 1953 At
197 1897 283 1953 etiam
299 1894 336 1952 de
352 1896 513 1966 sanctitate,
529 1893 566 1952 de
582 1894 691 1968 pietate¹
712 1892 849 1951 adversus
864 1892 937 1952 deos
959 1893 1048 1953 libros
1070 1896 1160 1972 scrip-

106 1994 141 2050 sit
163 1993 314 2067 Epicurus.
357 1994 394 2049 At
416 2010 476 2067 quo
498 1990 588 2048 modo
614 1992 644 2048 in
669 1991 713 2048 his
735 1991 884 2065 loquitur?
924 1992 967 2050 Ut
984 1993 1029 2051 Ti.
1046 1993 1160 2052 Corun-

105 2091 221 2147 canium
243 2100 292 2146 aut
310 2092 340 2146 P.
357 2089 536 2160 Scaevolam,
552 2089 707 2163 pontifices
731 2089 883 2160 maximos,
898 2099 928 2146 te
951 2089 1053 2148 audire
1069 2090 1161 2165 dicas,

105 2206 164 2244 non
180 2205 256 2257 eum,
272 2187 321 2260 qui
343 2187 486 2243 sustulerit
501 2205 619 2243 omnem
641 2186 771 2244 funditus
793 2187 964 2263 religionem
986 2207 1044 2246 nec
1068 2191 1161 2249 mani-

104 2286 167 2354 bus,
190 2294 221 2340 ut
242 2287 356 2354 Xerses
379 2283 432 2340 sed
452 2285 610 2341 rationibus
635 2284 757 2342 deorum
781 2286 976 2344 inmortalium
998 2290 1110 2365 templa
1133 2300 1198 2348 eta>

105 2401 167 2439 aras
183 2382 322 2438 everterit.
366 2381 446 2453 Quid
461 2391 504 2437 est
520 2382 607 2452 enim,
624 2400 676 2439 cur
691 2382 764 2440 deos
782 2385 819 2443 ab
834 2384 1001 2443 hominibus
1017 2387 1162 2446 colendos

106 2479 194 2549 dicas,
217 2498 283 2534 cum
308 2478 355 2534 dei
381 2497 440 2535 non
466 2479 555 2536 modo
581 2480 715 2537 homines
744 2500 804 2538 non
833 2483 939 2554 colant,
955 2482 1008 2540 sed
1037 2487 1161 2544 omnino

62 2576 175 2633 uunihil
197 2586 306 2645 curent,
323 2576 392 2632 nihil
414 2577 520 2650 agant?
562 2580 599 2634 At
615 2588 658 2635 est
673 2597 775 2636 eorum
795 2581 900 2637 eximia
915 2580 1061 2655 quaedam
1077 2601 1160 2658 prae-

106 2684 241 2747 stansque
257 2673 573 2743 natura,11tcadebeat
588 2676 650 2748 ipsa
664 2694 716 2750 per
731 2695 761 2733 se
777 2676 814 2734 ad
829 2696 860 2734 se
876 2677 1032 2735 colendam
1044 2680 1161 2738 allicere

106 2773 276 2846 sapientem.
318 2772 364 2826 An
383 2772 539 2844 quicquam
563 2774 700 2830 eximium
724 2784 821 2848 potest
844 2794 907 2832 esse
932 2777 962 2832 iu
986 2794 1023 2833 ea
1047 2787 1160 2850 natura,
1173 2802 1197 2841 25

106 2887 180 2942 quae
196 2886 248 2924 sua
261 2869 408 2941 voluptate
425 2868 534 2925 laetans
549 2870 619 2926 nihil
640 2889 696 2927 nec
719 2883 819 2928 actura
841 2872 877 2929 sit
898 2890 1039 2946 umquam
1063 2892 1160 2950 neque

106 2976 171 3040 agat
185 2983 281 3039 neque
297 2965 407 3039 egerit?
428 2985 502 3039 quae
518 2985 605 3040 porro
620 2968 711 3041 pietas
726 2968 753 3025 ei
768 2967 899 3039 debetur,
916 2987 1006 3043 aquo
1021 2970 1094 3028 nihil
1112 2990 1160 3028 ac-

106 3064 238 3137 ceperis?
259 3072 309 3119 aut
323 3062 393 3136 quid
408 3064 538 3134 omnino,
555 3065 636 3120 cuius
657 3065 767 3122 nullum
792 3067 926 3122 meritum
949 3067 993 3136 sit,
1009 3067 1037 3124 ei
1059 3067 1162 3127 deberi

105 3161 222 3235 potest?
264 3162 316 3217 Est
338 3161 415 3217 enim
437 3161 529 3236 pietas
553 3162 658 3218 iustitia
680 3161 833 3219 adversum
856 3162 948 3234 deos;
970 3182 1039 3220 cum
1055 3165 1161 3239 quibus

107 3258 177 3333 quid
192 3267 289 3332 potest
303 3259 387 3315 nohis
404 3277 466 3315 esse
482 3258 557 3329 iuris,
571 3278 637 3315 curn
653 3258 765 3316 homini
779 3260 856 3316 nulla
871 3278 939 3317 cum
954 3260 1012 3318 deo
1028 3262 1064 3319 sit
1080 3281 1160 3322 com·
1173 3287 1198 3326 30

106 3357 252 3414 munitas?
294 3356 434 3414 Sanctitas
464 3367 560 3413 autem
585 3365 629 3413 est
654 3357 775 3413 scientia
800 3357 991 3414 colendorum
1016 3358 1161 3434 deorum;

107 3455 155 3528 qui
170 3472 258 3527 quam
280 3454 394 3511 obrem
417 3454 535 3510 colendi
556 3454 622 3526 sint,
634 3472 695 3511 non
709 3454 854 3528 intellego,
869 3454 949 3512 nullo
963 3473 1021 3512 nec
1034 3467 1162 3533 accepto

108 3553 144 3608 ab
160 3552 192 3607 iis
207 3569 263 3606 nec
278 3560 392 3625 sperato
406 3551 495 3608 bono,

63 3628 100 3734 141⁸}
150 3647 229 3721 Quid
245 3657 288 3704 est
302 3657 410 3717 autem,
425 3647 505 3722 quod
521 3647 592 3705 deos
607 3667 780 3706 veneremur
795 3659 915 3724 propter
935 3649 1163 3712 admirationem

107 3745 167 3802 eius
189 3755 316 3817 naturae,
338 3744 367 3802 in
389 3762 447 3817 qua
469 3745 617 3819 egregium
641 3745 712 3801 nihil
724 3745 894 3804 videamus?
929 3749 1008 3806 Nam
1024 3750 1199 3824 superati-ar

61 896 98 1003 e
