2446 4102
68 254 124 319 152
391 250 438 302 oa
460 250 606 301 aarum
627 248 787 303 aeonum.

62 408 192 467 bandum
217 405 307 465 deum
331 424 396 464 esse
421 406 615 478 confirmaret,
640 405 802 465 Herculem
824 414 965 482 negaret:
993 406 1086 481 ‘Ergo
1095 404 1111 478 '‚

18 486 163 593 {linquit
180 505 269 562 ‘mihi
284 504 461 575 Alabandus,
478 504 529 562 tibi
545 505 690 562 Hercules
711 504 746 561 sit
768 504 856 562 iratus
869 508 875 562 l
888 506 913 531 '‘
939 504 994 562 Illa
1010 514 1111 577 autem,

63 605 161 674 llalbe,
177 622 252 678 quae
267 613 297 659 tu
312 621 330 658 a
348 602 430 659 caelo
452 601 592 676 astrisque
615 600 753 673 ducebas,
769 620 859 676 quam
880 603 969 676 longe
992 611 1111 677 serpant,

61 720 121 760 non
145 701 249 759 vides?
299 701 396 759 Solem
422 699 511 757 deum
540 718 604 757 esse
631 701 814 775 Lunamque,
840 718 969 774 quorum
997 701 1112 758 alterurn

61 800 226 875 Apollinem
243 799 358 869 Graeci,
374 799 494 854 alteram
513 798 639 855 Dianam
661 806 773 872 putant.
817 796 933 870 Quodsi
957 799 1042 856 Luna
1061 797 1138 857 deas

62 908 114 967 est,
130 916 198 971 ergo
221 897 308 953 etiam
332 897 448 953 Luciser
469 905 644 969 ceteraeque
666 905 795 952 errantes
816 913 973 952 numerum
996 895 1114 953 deorum

61 996 254 1065 obtinebunt;
277 994 361 1068 igitur
376 994 463 1050 ctiam
479 993 647 1050 inerrantes.
691 992 751 1050 Cur
770 1002 868 1049 autem
891 993 984 1067 Arqui
1005 992 1114 1067 species

61 1111 121 1150 non
136 1091 299 1149 iudeorum
312 1110 435 1147 numero
450 1091 628 1165 reponatur?
647 1099 690 1147 est
705 1090 784 1146 enim
794 1089 937 1165 pulcher,
956 1099 986 1147 et
998 1091 1037 1148 ob
1051 1108 1115 1147 earn

62 1208 189 1259 causam,
205 1190 273 1263 quia
294 1191 423 1264 speciem
447 1189 551 1245 habeat
573 1187 782 1258 admirabilem,
802 1186 991 1244 Thaumante
1014 1187 1116 1245 dicitur

61 1286 122 1343 Iris
136 1304 199 1342 esse
215 1298 291 1342 nata.
334 1287 424 1344 Cuius
440 1286 462 1342 si
478 1285 575 1342 diviua
590 1295 692 1341 natura
707 1293 759 1353 est,
775 1283 847 1358 quid
862 1285 952 1342 facies
971 1285 1116 1342 nubibus?
1128 1309 1149 1336 ιο

62 1386 153 1440 Arcus
176 1384 253 1439 enim
279 1384 340 1457 ipse
363 1402 378 1440 e
401 1383 525 1439 nubibus
548 1381 671 1439 efficitur
691 1381 822 1457 quodam
846 1381 939 1439 modo
961 1383 1114 1453 coloratis,

62 1498 184 1556 quarum
200 1500 257 1537 una
272 1482 360 1537 etiam
375 1480 538 1539 Centauros
556 1480 705 1554 peperisse
726 1478 840 1537 dicitur.
885 1479 1003 1554 Quodsi
1025 1480 1116 1538 nubes

62 1579 203 1635 rettuleris
233 1579 262 1634 in
291 1577 371 1647 deos,
397 1577 567 1634 referendae
597 1586 675 1634 certe
705 1587 787 1634 erunt
816 1587 1016 1652 tempestates,
1042 1595 1116 1652 quae

63 1676 162 1750 populi
186 1677 312 1732 Romani
334 1676 433 1732 ritibus
456 1686 644 1731 consecratae
664 1684 740 1732 sunt.
784 1675 863 1748 Ergo
883 1675 1001 1746 imbres,
1016 1675 1116 1745 nimbi,

63 1775 218 1849 procellae,
246 1775 373 1830 turbines
399 1773 447 1830 dei
472 1773 604 1847 putandi.
648 1774 748 1830 Nostri
774 1772 895 1847 quidem
921 1773 1014 1831 duces
1039 1792 1151 1832 mareu

25 1870 258 1944 reingredientes
280 1871 418 1927 inmolare
435 1871 559 1927 hostiam
573 1870 708 1928 fluctibus
723 1881 911 1928 consuerunt.
956 1872 1058 1929 Iamsi
1074 1881 1118 1929 est

64 1968 153 2026 Ceres
175 1987 192 2024 a
212 1968 342 2042 gerendo
363 1969 417 2043 (ita
438 1969 516 2025 eninr
538 1968 686 2042 dicebas),
703 1979 778 2025 terra
798 1969 861 2042 ipsa
884 1968 941 2025 dea
962 1979 1007 2026 est
1028 1981 1058 2027 et
1079 1970 1118 2026 ita

64 2065 203 2136 habetur;
233 2083 307 2139 quae
331 2076 375 2122 est
398 2066 476 2121 enim
499 2066 553 2122 alia
575 2067 694 2122 Tellus?
736 2067 785 2124 Sin
808 2076 891 2136 terra,
915 2084 994 2123 mare
1019 2068 1116 2138 etiam,

64 2180 151 2236 quem
165 2163 335 2236 Neptunum
351 2180 414 2219 esse
426 2161 544 2219 dicebas
557 2184 564 2234 ;
582 2173 691 2237 ergoet
706 2163 825 2220 flumina
840 2173 868 2220 et
883 2164 989 2222 fontes.
1014 2166 1117 2239 Itaque

64 2270 93 2317 et
109 2261 208 2317 Fontis
228 2259 379 2317 delubrum
396 2261 480 2316 llaso
502 2279 539 2316 ex
560 2261 680 2318 Corsica
702 2260 857 2330 dedicarit,
874 2271 903 2317 et
924 2262 954 2318 in
976 2280 1154 2336 augurum„

64 2359 232 2432 precatione
247 2359 425 2428 Tiberinum,
441 2357 610 2430 Spinonem,
625 2359 789 2429 Almonem,
803 2358 965 2429 Nodinum,
981 2359 1037 2416 alia
1051 2377 1117 2433 pro·

64 2457 239 2531 pinquorum
255 2457 404 2513 ssuruinum
421 2456 540 2512 nomina
554 2455 695 2512 videmus.
730 2457 808 2530 Ergo
823 2456 880 2513 hoc
895 2466 944 2513 aut
960 2457 989 2513 in
1004 2457 1117 2514 inmen-

65 2573 129 2611 sum
153 2566 257 2628 serpet,
278 2565 327 2611 aut
346 2555 416 2610 nibil
437 2555 539 2609 horum
560 2553 743 2627 recipiemus,
764 2571 820 2610 nee
843 2554 890 2610 illa
911 2554 1024 2611 infinita
1045 2555 1118 2612 ratio

65 2652 275 2726 superstitionis
295 2652 470 2725 probabitur.
515 2651 594 2707 Nihil
614 2670 683 2726 ergo
703 2652 806 2709 horum
826 2652 1014 2725 probandum
1034 2664 1086 2711 est.

22 2725 55 2830 2⁶3¹
107 2751 246 2805 Dicamus
272 2748 364 2821 igitur,
391 2749 488 2817 llalbe,
515 2759 631 2822 oportet
656 2761 758 2805 contra
782 2749 844 2805 illos
870 2749 967 2820 etiam,
990 2750 1042 2823 qui
1063 2749 1153 2809 hose

65 2846 137 2903 deos
166 2865 201 2902 ex
227 2846 377 2901 hominum
402 2864 507 2919 genere
537 2847 565 2902 iu
592 2847 704 2903 caelum
732 2847 883 2903 translatos
911 2865 972 2903 non
997 2865 1037 2918 re,
1064 2847 1117 2905 sed

65 2944 203 3017 opinione
227 2960 290 2999 esse
314 2942 423 3014 dicunt,
445 2963 518 3017 quos
541 2954 661 3018 auguste
687 2962 790 3001 omnes
815 2954 974 3018 sancteque
997 2963 1116 3002 venera·

65 3059 136 3096 mur.
181 3040 326 3113 Principio
350 3042 434 3096 loves
456 3052 512 3098 tres
532 3052 686 3098 munerant
704 3042 731 3111 ii,
748 3043 797 3115 qui
816 3040 944 3115 theologi
962 3042 1116 3099 nominan-

65 3148 118 3207 tur,
134 3155 170 3192 ex
192 3138 296 3210 quibus
318 3139 443 3212 primum
467 3149 495 3195 et
517 3139 681 3196 secundum
701 3150 784 3195 natos
800 3139 829 3195 in
845 3139 978 3209 Arcadia,
995 3140 1117 3197 alterum

65 3244 145 3309 patre
175 3234 308 3305 Aethere,
336 3255 371 3291 ex
400 3254 458 3309 quo
488 3237 575 3292 etiam
605 3237 806 3310 Proserpinam
836 3245 934 3293 natam
965 3237 1060 3294 ferunt
1088 3246 1156 3294 etro

66 3331 211 3400 Liberum,
229 3332 350 3388 alterum
370 3343 449 3406 patre
473 3333 572 3403 Caelo,
589 3335 638 3407 qui
659 3334 792 3408 genuisse
816 3335 980 3390 Minervam
1003 3333 1117 3406 dicitur,

66 3447 153 3503 quam
185 3429 346 3503 principem
380 3440 408 3485 et
441 3431 629 3487 inventricem
660 3432 728 3488 belli
763 3432 865 3501 ferunt,
898 3431 1016 3487 tertium
1047 3432 1116 3490 Cre·

65 3536 186 3596 tensem,
213 3526 325 3583 Saturni
355 3527 453 3596 filium,
481 3529 561 3585 cuius
587 3529 615 3585 in
641 3529 687 3584 illa
712 3529 805 3585 insula
829 3528 995 3602 sepulcrum
1020 3538 1116 3586 osten-

66 3624 150 3682 ditur.
194 3622 359 3696 Διόσκουροι
374 3623 461 3679 etiam
477 3624 555 3697 apud
571 3626 674 3682 Graios
691 3625 785 3682 multis
805 3625 901 3682 modis
921 3626 1116 3684 nominantur.

67 3722 154 3779 Primi
175 3732 240 3793 treS,
256 3720 307 3797 qui
327 3718 510 3797 appellantur
523 3723 638 3780 Anaces
654 3721 784 3795 Athenis,
800 3740 837 3780 ex
856 3739 924 3798 rege
949 3724 1021 3782 Iove
1043 3722 1116 3783 auti·
1131 3745 1155 3784 rs
