2446 4102
67 287 128 350 126
390 300 439 349 ne
461 300 605 350 Nurum
628 298 789 349 osonum,

63 457 218 532 figurarum
234 501 240 512 .
258 501 264 513 .
281 500 287 512 .
305 501 321 527 .,
336 465 399 513 tum
409 463 592 513 venustatem
606 463 693 528 atque
708 452 843 512 ordinem
858 460 897 525 et,
908 460 941 510 ut
955 452 996 510 ita
1010 452 1114 523 dicam,

64 554 229 611 decentiam
254 554 331 611 oculi
356 553 494 623 iudicant,
517 562 604 627 atque
630 552 718 609 etiam
743 551 798 607 alia
822 551 944 608 maiora.
989 552 1067 608 Nam
1089 561 1116 609 et

63 652 181 709 virtutes
206 662 235 707 et
257 651 325 707 vitia
349 661 531 724 cognoscunt
543 671 551 721 3
574 651 677 706 iratum
702 649 869 723 propitium,
885 649 1043 705 laetantem
1065 648 1115 706 do-

63 749 181 818 lentem,
211 749 313 805 sortem
349 749 494 821 ignavum,
522 746 667 803 audacem
694 745 889 819 timidumque
925 756 1115 820 cognoscunt.

20 847 242 919 ritAuriumque
265 846 333 901 item
356 854 399 901 est
419 843 588 900 admirabile
603 842 754 918 quoddam
775 843 1022 917 artificiosumque
1045 843 1145 906 iudi-5

65 944 151 1013 cium,
174 961 233 1016 quo
256 942 399 998 iudicatur
424 952 453 997 et
477 941 506 997 in
530 941 610 996 vocis
639 950 669 997 et
693 941 722 996 in
745 940 879 996 tibiarum
904 959 1116 1014 nervorumque

65 1041 197 1097 cautibus
212 1041 332 1095 varietas
353 1056 500 1108 sonorum,
517 1038 672 1106 intervalla,
688 1037 836 1094 distinctio
858 1047 888 1094 et
909 1038 991 1095 vocis
1012 1056 1117 1112 genera

65 1137 216 1212 permulta,
233 1155 371 1192 carrorum
394 1136 517 1204 fuscum,
533 1135 595 1191 leve
618 1151 763 1208 asperum,
779 1152 865 1208 grave
888 1144 1017 1205 acutum,
1040 1135 1115 1191 flexi-

65 1234 121 1292 bile
137 1234 250 1303 dumm,
267 1251 341 1307 quae
358 1232 509 1288 hominum
525 1231 618 1287 solum
634 1230 750 1287 auribus
765 1230 939 1287 iudicantur.
984 1232 1116 1288 Narium·

63 1349 119 1405 que
142 1332 211 1386 item
233 1339 261 1385 et
282 1329 416 1402 gustamli
439 1327 544 1400 liariter
566 1338 595 1381 et
618 1326 755 1399 tangendi
784 1345 890 1400 magna
914 1328 1022 1386 iudicia
1044 1341 1116 1390 sunt.
1129 1361 1152 1388 10

62 1428 109 1484 Ad
131 1447 204 1500 ‹luos
226 1446 325 1481 sensus
349 1424 508 1497 capiendos
530 1433 559 1479 et
580 1424 772 1496 [ierfruendos
797 1425 891 1497 plures
915 1427 1013 1493 etiam,
1032 1449 1116 1502 <quam

62 1527 175 1595 vellem,
192 1537 265 1582 artes
281 1536 410 1599 repertae
426 1533 501 1580 sunt.
544 1523 733 1597 Perspicuum
756 1532 798 1579 est
820 1523 909 1594 enim,
925 1541 985 1598 quo
1006 1542 1114 1599 conpo-

64 1625 181 1681 sitiones
197 1633 420 1697 unguentorum,
436 1640 495 1696 quo
513 1621 645 1677 ciborum
668 1619 863 1692 conditiones,
878 1639 938 1695 quo
960 1640 1115 1698 corporum

64 1722 208 1778 lenocinia
223 1721 424 1794 processerint.

21 1808 58 1916 ff}
108 1820 170 1874 lam
186 1836 253 1873 vero
269 1818 398 1873 animum
413 1817 508 1890 ipsum
524 1825 711 1889 mentemque
727 1814 862 1887 hominis,
877 1816 1031 1888 rationem,
1047 1836 1151 1883 con-15

65 1916 168 1984 silium,
184 1914 370 1988 prudentiam
385 1915 509 1987 quinon
524 1912 622 1969 divina
643 1930 713 1968 cura
733 1913 863 1986 perfecta
885 1931 948 1970 esse
969 1915 1116 1989 perspicit,

65 2014 88 2071 is
104 2013 146 2069 his
162 2013 229 2086 ipsis
244 2011 329 2067 rebus
345 2011 415 2067 mihi
429 2010 542 2067 videtur
556 2026 663 2065 carcre.
706 2010 753 2066 De
768 2027 827 2083 quo
842 2009 914 2067 dum
929 2009 1116 2085 disputarem,

65 2121 144 2168 tuam
160 2110 229 2166 milii
245 2109 306 2165 dari
327 2109 440 2178 vellem,
457 2108 553 2177 Cotta,
578 2107 784 2181 eloquentiam.
828 2107 896 2180 Quo
918 2109 998 2165 enim
1020 2119 1050 2166 tu
1073 2109 1118 2167 illa

66 2209 157 2266 modo
172 2208 304 2264 diceres!
327 2216 434 2280 quanta
448 2206 575 2280 primum
590 2204 793 2278 intellegentia,
810 2204 919 2261 deinde
934 2224 1116 2282 consequen-

66 2309 138 2364 tium
166 2325 260 2362 rerum
283 2323 350 2360 cum
376 2304 475 2377 primis
500 2302 669 2359 coniunctio
695 2310 723 2358 et
749 2301 965 2377 conprehensio
991 2314 1068 2361 esset
1089 2305 1154 2362 ina>

66 2405 150 2462 nobis
159 2425 166 2474 ;
188 2422 224 2459 ex
239 2421 297 2476 quo
312 2401 457 2471 videlicet,
473 2400 543 2474 quid
559 2417 596 2456 ex
610 2399 772 2473 quibusque
795 2399 880 2456 rebus
902 2399 1053 2472 efficiatur,
1075 2401 1116 2459 id·

67 2521 123 2577 que
138 2503 248 2557 ratione
264 2499 466 2556 concludimus
481 2497 664 2571 singulasque
679 2514 724 2553 res
739 2496 895 2553 definimus
916 2498 1116 2574 circumscrip-

67 2613 154 2674 teque
184 2598 406 2671 complectimur
415 2617 422 2666 ;
451 2614 488 2652 ex
510 2613 569 2670 quo
585 2594 719 2657 ‚scientia
746 2594 919 2668 intellegitur
947 2614 1037 2670 quam
1061 2598 1118 2654 vim

68 2699 173 2755 habeat
188 2696 333 2768 qualisque
347 2696 391 2764 sit,
407 2712 465 2768 qua
479 2710 515 2749 ne
531 2693 560 2749 in
576 2691 634 2749 deo
648 2691 767 2767 quidem
783 2700 825 2748 est
840 2709 884 2749 res
899 2693 957 2750 ulla
970 2704 1117 2768 praestan-

66 2798 130 2853 tior.
174 2794 291 2865 Quauta
307 2810 376 2847 vero
398 2791 445 2847 illa
465 2801 540 2861 sunt,
556 2808 631 2864 quae
652 2808 704 2848 vos
726 2789 897 2847 Academici
919 2791 1069 2850 infirmatis
1091 2801 1119 2850 et
1131 2817 1154 2856 25

67 2892 173 2961 tollitis,
189 2888 269 2963 quod
284 2897 313 2943 et
327 2889 459 2944 sensibus
477 2898 506 2944 ct
524 2889 622 2944 animo
643 2906 686 2958 ea,
702 2907 777 2962 quae
800 2897 880 2945 extra
901 2897 978 2959 sunt,
995 2891 1118 2964 percipi·

24 3008 131 3051 llantus
153 2997 238 3060 atque
261 2984 508 3058 conprendimus!
535 3003 570 3042 ex
590 2986 693 3060 quibus
711 2986 831 3042 conlatis
853 2986 927 3042 inter
947 2975 978 3042 se
998 2997 1028 3043 et
1050 3005 1118 3044 con·

68 3087 172 3160 paratis
197 3094 271 3140 artes
296 3100 413 3156 quoque
439 3083 581 3139 efficimus
609 3084 713 3157 partim
737 3083 776 3139 ad
800 3101 884 3139 usum
906 3083 990 3154 vitae,
1016 3085 1119 3158 partim

69 3183 106 3240 ad
121 3182 348 3240 oblectationem
363 3181 549 3237 necessarias
594 3181 657 3237 Iam
673 3199 740 3237 vero
756 3180 876 3237 domina
896 3199 1000 3251 rerum,
1017 3192 1047 3238 ut
1068 3200 1119 3238 vos

69 3281 166 3338 soletis
195 3278 302 3347 dicere,
332 3278 490 3352 eloquendi
517 3278 568 3348 vis,
598 3296 684 3352 quam
714 3287 757 3335 est
792 3279 939 3353 praeclara
973 3297 1155 3354 quamqueao

69 3378 184 3436 diviua!
208 3392 281 3448 quae
297 3375 422 3448 primum
445 3375 542 3446 efficit,
558 3385 589 3432 ut
611 3384 640 3432 et
661 3393 705 3445 ea,
721 3394 795 3450 quae
818 3377 991 3450 ignoramus,
1008 3376 1119 3433 discere

69 3486 98 3533 et
113 3494 156 3545 ea,
172 3489 246 3547 (quae
268 3472 383 3542 scimus,
400 3473 470 3530 alios
493 3473 599 3531 docere
621 3473 766 3546 possimus
778 3495 786 3545 3
809 3473 916 3530 deinde
939 3474 994 3530 bac
1017 3475 1119 3531 cohor-

70 3583 171 3643 tamur,
188 3571 243 3627 hac
258 3569 476 3641 persuademus
493 3570 547 3626 hac
568 3570 752 3626 consolamur
773 3571 905 3641 afflictos,
922 3571 977 3627 hac
1000 3570 1118 3628 deduci-

69 3691 133 3727 mus
162 3666 326 3743 perterritos
354 3685 372 3721 a
399 3667 512 3736 timore,
542 3665 596 3721 hac
624 3665 781 3738 gestientes
817 3669 1037 3742 conprimimus
1066 3668 1120 3725 hac

70 3767 243 3842 cupiditates
265 3762 486 3836 iracundiasque
509 3762 720 3836 restinguimus,
743 3761 816 3818 haec
839 3783 893 3822 nos
916 3766 991 3837 iuriS,
1013 3765 1118 3841 legum,
1132 3789 1154 3828 ³5
