2446 4102
97 267 141 349 96
427 278 476 328 na
497 277 644 328 NATURA
664 275 825 329 DEORUM.

51 443 87 498 22
134 437 214 494 Zeno
228 434 314 511 igitur
327 443 459 492 naturam
474 433 514 490 ita
528 431 638 503 definit,
652 441 685 490 ut
699 450 765 490 eam
779 431 859 491 dicat
879 431 979 508 ignem
1000 450 1065 493 esse
1087 432 1152 494 arti·

94 534 236 604 ficiosum,
253 532 291 590 ad
312 530 493 607 gignendum
513 529 749 604 progredientem
763 530 817 588 via.
861 530 973 589 Censet
990 533 1070 590 enirn
1086 534 1151 591 artis

93 649 229 689 maxume
251 631 401 705 proprium
416 646 479 686 esse
495 645 593 684 creare
609 636 638 684 et
651 627 790 701 gignere,
811 626 953 702 quodque
968 628 999 686 in
1014 631 1151 704 operibus

92 739 255 787 nostrarum
270 728 373 784 artium
395 743 497 782 manus
516 724 631 794 efficiat,
646 723 677 781 id
698 724 790 781 multo
813 724 996 783 artificiosius
1019 737 1151 785 naturam

93 826 217 896 efficere,
241 824 272 882 id
297 833 349 895 est,
372 833 404 880 ut
428 821 497 893 dixi,
519 822 617 896 ignem
636 821 833 893 artificiosum,
854 822 1026 897 magistrum
1048 825 1150 882 artium
1170 843 1181 882 s

92 924 276 997 reliquarum.
318 923 414 995 Atque
430 919 485 977 hac
501 917 621 992 quidem
635 918 746 976 ratione
761 919 856 976 omnis
878 928 981 977 natura
995 921 1152 980 artificiosa

92 1031 144 1092 est,
160 1019 241 1095 quod
263 1019 350 1077 habet
364 1017 446 1092 quasi
461 1017 537 1074 viam
552 1014 700 1090 quandam
716 1025 745 1073 et
758 1025 879 1088 sectam,
893 1035 983 1092 quarn
1005 1028 1149 1094 sequatur.

54 1130 80 1172 aa
93 1118 189 1193 Ipsius
203 1134 273 1174 vero
288 1114 399 1186 mundi,
415 1114 465 1188 qui
486 1113 587 1170 omnia
603 1112 749 1187 conplexu
764 1131 817 1171 suo
832 1113 949 1172 coercet
965 1123 995 1172 et
1009 1117 1150 1189 continet,

92 1226 194 1273 natura
208 1232 268 1271 non
283 1213 437 1270 artificiosa
451 1210 554 1281 solum,
570 1209 624 1268 sed
638 1210 724 1284 plane
739 1211 842 1269 artifex
855 1211 893 1269 ab
907 1211 1017 1270 eodem
1032 1215 1151 1272 Zenone

93 1310 206 1383 dicitur,
222 1310 379 1368 consultrix
401 1317 430 1366 et
452 1307 575 1384 provida
598 1307 753 1365 utilitatum
774 1308 1065 1384 oportunitatumque
1089 1329 1149 1369 om·
1164 1334 1187 1362 10

91 1410 181 1467 nium.
234 1411 331 1482 Atque
366 1416 398 1464 ut
433 1415 547 1463 ceterae
581 1413 701 1462 naturae
736 1405 793 1463 suis
828 1405 987 1464 seminibus
1016 1425 1151 1484 quaeque

92 1507 256 1581 gignuntur,
271 1512 440 1580 augescunt,
455 1503 650 1573 continentur,
666 1502 707 1559 sic
721 1512 824 1560 natura
844 1502 947 1561 mundi
968 1506 1065 1563 omnis
1088 1525 1149 1564 mo·

92 1603 251 1676 tus-habet
274 1601 450 1659 voluntarios
476 1609 656 1674 conatusque
682 1609 711 1657 et
736 1598 941 1674 adpetitiones,
965 1619 1038 1676 quas
1062 1603 1150 1679 ὁρμάς

93 1701 200 1759 Graeci
223 1709 338 1770 vocant,
366 1707 394 1755 et
422 1698 466 1755 his
494 1706 706 1754 consentaneas
734 1697 865 1755 actiones
893 1698 935 1756 sic
964 1698 1095 1772 adhibet,
1120 1710 1150 1759 ut

23 1848 35 1861 ,
91 1806 206 1855 nosmet
221 1797 284 1872 ipsi,
300 1796 350 1870 qui
364 1795 467 1853 animis
481 1813 633 1852 movemur
647 1803 677 1851 et
691 1794 832 1853 sensibus.
873 1795 952 1854 Talis
967 1795 1053 1872 igitur
1066 1817 1148 1856 mens
1162 1816 1184 1856 ιε

92 1893 195 1952 mundi
210 1913 278 1951 curn
293 1894 328 1950 sit
343 1894 381 1950 ob
396 1909 520 1966 eamque
535 1910 654 1949 causam
668 1892 714 1949 vel
729 1890 884 1966 prudentia
897 1893 943 1950 vel
964 1894 1150 1968 providentia

91 1991 229 2066 appellari
243 1999 322 2047 recte
337 1989 427 2064 possit
448 1988 577 2064 (Graece
592 1988 671 2046 enirn
685 1989 801 2063 πρόνοια
815 1988 949 2065 dicitur),
966 1989 1042 2049 haec
1059 1993 1148 2067 potis·

91 2088 196 2145 simum
211 2086 345 2162 providet
359 2096 389 2144 et
403 2087 432 2143 in
450 2086 494 2143 his
509 2086 635 2143 maxime
650 2093 695 2143 est
709 2096 862 2163 occupata,
877 2087 1004 2162 primum
1019 2098 1051 2147 ut
1065 2108 1148 2148 mun·

91 2184 146 2244 dus
161 2203 250 2260 quarn
271 2185 435 2259 aptissimus
456 2183 492 2241 sit
514 2182 553 2240 ad
575 2183 817 2258 permanendum,
833 2183 941 2242 deinde
964 2194 997 2242 ut
1019 2187 1098 2245 nulla
1118 2206 1149 2246 re

91 2293 184 2359 egeat,
208 2301 344 2339 maxume
367 2292 464 2338 autem
487 2291 519 2338 ut
540 2280 571 2338 in
594 2298 631 2339 eo
656 2281 763 2339 eximia
787 2282 973 2357 pulchritudo
999 2285 1036 2343 sit
1061 2295 1148 2360 atque
1162 2310 1186 2337 ιο

91 2382 187 2440 omnis
209 2390 335 2438 ornatus

48 2464 85 2572 {f}
134 2480 254 2537 Dictum
277 2489 320 2536 est
335 2477 371 2535 de
387 2478 520 2534 universo
541 2475 663 2548 mundo,
679 2475 791 2534 dictum
813 2478 900 2536 etiarn
921 2488 966 2538 est
987 2478 1027 2539 de
1049 2482 1149 2541 sideri·

90 2577 154 2649 bus,
170 2577 273 2634 utiam
295 2594 386 2651 prope
408 2573 531 2631 modum
554 2582 692 2648 appareat
714 2574 870 2634 multitudo
892 2595 949 2634 nec
973 2581 1151 2640 cessantium

91 2674 215 2732 deorum
229 2693 285 2731 nec
300 2692 344 2744 ea,
359 2690 433 2746 quae
449 2681 544 2745 agant,
560 2672 741 2729 molientium
763 2691 832 2731 cum
853 2675 952 2733 labore
973 2694 1101 2752 operoso
1116 2698 1150 2737 ac

91 2772 226 2830 molesto.
269 2771 338 2828 Non
354 2770 432 2826 enim
446 2769 528 2826 venis
544 2777 572 2825 et
587 2769 680 2826 nervis
702 2779 731 2826 et
752 2772 865 2829 ossibus
886 2774 1075 2834 continentur
1094 2796 1150 2835 nec
1162 2795 1184 2834 2⁵

91 2870 126 2927 iis
141 2869 215 2927 escis
230 2877 279 2925 aut
293 2867 460 2942 potionibus
475 2876 640 2937 vescuntur,
656 2876 688 2924 ut
708 2877 758 2924 aut
780 2869 864 2927 nimis
887 2888 968 2929 acres
991 2881 1042 2930 aut
1064 2874 1150 2932 nimis

92 2976 247 3024 concretos
270 2983 386 3022 umores
410 2964 566 3038 conligant,
588 2982 645 3020 nec
667 2965 701 3023 iis
725 2967 893 3041 corporibus
917 2978 992 3041 sunt,
1011 2979 1043 3028 ut
1065 2989 1150 3030 casus

91 3073 143 3121 aut
171 3064 244 3121 ictus
273 3062 463 3118 extimescant
491 3070 541 3118 aut
569 3063 687 3121 morbos
716 3073 847 3121 metuant
876 3082 912 3122 ex
940 3064 1149 3142 defetigatione

91 3160 309 3230 membrorum,
331 3177 405 3232 quae
420 3177 523 3216 verens
536 3159 679 3234 Epicurus
693 3179 930 3236 monogrammos
945 3161 1019 3222 deos
1035 3173 1064 3221 et
1079 3165 1150 3224 nihil

54 3273 80 3313 oo
93 3268 211 3333 agentes
227 3266 409 3313 commentus
425 3265 476 3313 est.
520 3257 564 3314 llli
579 3268 676 3315 autem
697 3259 889 3333 pulcherrima
911 3260 1003 3317 forma
1025 3262 1187 3337 praeditiro

92 3355 301 3430 purissimaque
317 3353 346 3409 in
360 3353 479 3427 regione
495 3354 567 3410 caeli
583 3355 717 3412 collocati
739 3356 778 3413 ita
800 3357 927 3414 feruntur
948 3357 1148 3418 moderantur·

93 3471 149 3527 que
175 3470 284 3522 cursus,
310 3459 341 3507 ut
365 3449 403 3507 ad
428 3451 528 3508 omnia
556 3453 756 3510 conservanda
780 3463 809 3511 et
831 3453 941 3512 tuenda
965 3458 1149 3517 consensisse

92 3549 253 3607 videantur.

135 3649 246 3705 Multae
271 3654 368 3703 autem
396 3646 468 3703 aliae
496 3655 614 3704 naturae
643 3645 765 3705 deorum
793 3667 829 3706 ex
857 3650 969 3724 magnis
997 3650 1150 3713 beneficiis

94 3762 195 3803 eorum
209 3762 270 3802 non
284 3743 345 3801 sine
364 3761 451 3801 causa
465 3753 494 3800 et
508 3761 526 3801 a
540 3744 681 3802 Graeciae
703 3745 919 3820 sapientissimis
940 3756 970 3806 et
992 3767 1010 3806 a
1032 3751 1148 3810 maiori-
1162 3772 1186 3814 as
