2446 4102
322 233 388 284 mn.
405 233 426 282 1.
460 232 521 283 cn.
540 231 690 283 xv-xvrr.
725 234 755 297 §i
769 233 857 296 3e44.
1071 233 1111 300 45

62 388 199 465 appellat,
211 388 418 464 sempiternam
433 405 529 446 rerum
543 389 702 446 futurarum
714 389 883 461 veritatem,
906 407 1028 463 quorum
1044 390 1114 447 nihil

60 487 117 545 tale
132 496 187 559 est,
201 495 234 545 ut
248 486 278 544 in
293 503 330 544 eo
344 485 386 544 vis
401 486 499 543 divina
512 486 607 544 inesse
621 484 761 544 videntur.
805 487 842 543 Et
860 486 934 543 haec
949 486 1069 561 quidem
1084 488 1114 544 in
1125 502 1150 543 41

59 584 156 659 primo
178 583 252 641 libro
267 583 305 641 de
320 592 423 641 natura
436 581 578 653 deorum;
600 583 631 640 in
651 582 784 641 secundo
806 593 904 640 autem
918 584 978 640 volt
993 584 1113 659 Orphei,

61 681 188 752 Musaei,
204 679 332 738 Hesiodi
354 680 538 755 Homerique
552 681 670 739 fabellas
684 680 911 739 accommodare
926 681 964 739 ad
979 700 1023 753 ea,
1038 700 1113 756 quae

27 796 39 834 ε
60 779 124 855 ipse
139 778 235 854 primo
249 778 322 837 libro
337 777 375 836 de
390 778 454 836 deis
468 779 667 837 inmortalibus
682 779 802 851 dixerat,
817 788 849 837 ut
869 780 956 837 etiam
971 781 1114 837 veterrimi

59 876 179 952 poetae,
194 875 245 951 qui
265 874 391 933 haecne
406 876 545 951 suspicati
559 876 680 952 quidem
702 878 768 948 sint,
783 877 873 935 Stoici
894 877 980 935 fuisse
995 877 1113 934 videan-

60 983 116 1032 tur.
160 973 258 1047 Quem
281 973 431 1049 Diogenes
452 974 629 1050 Babylonius
650 992 835 1048 consequens
856 975 887 1031 in
909 992 945 1030 eo
966 975 1049 1046 libr0,
1064 975 1115 1049 qui

60 1071 227 1129 inscribitur
241 1069 279 1128 de
295 1071 437 1143 Minerva,
453 1080 568 1146 partum
583 1072 660 1129 Iovis
675 1080 829 1144 ortumque
843 1071 959 1146 virginis
981 1071 1020 1128 ad
1041 1072 1112 1147 phy-

60 1168 214 1244 siologiam
229 1167 385 1226 traducens
399 1167 523 1245 diiungit
536 1188 554 1225 a
567 1169 671 1227 sabula.

23 1285 48 1313 ¹0
104 1265 238 1340 Exposui
265 1266 324 1323 sere
352 1284 413 1324 non
441 1266 682 1342 philosophorum
711 1266 827 1338 iudicia,
853 1265 906 1324 sed
931 1249 1160 1355 delirantium&

60 1363 186 1421 somnia.
229 1364 296 1421 Nec
317 1364 396 1421 enim
417 1362 508 1421 multo
530 1363 698 1422 absurdiora
718 1373 785 1422 sunt
805 1382 848 1434 ea,
865 1382 940 1438 quae
961 1365 1114 1439 poetamm

60 1461 185 1519 vocibus
209 1461 273 1518 fusa
297 1461 360 1537 ipsa
384 1461 523 1518 suavitate
544 1470 716 1532 nocuerunt,
738 1461 789 1535 qui
810 1469 839 1517 et
860 1461 901 1517 ira
922 1461 1115 1519 inflammatos

61 1567 93 1616 et
106 1557 228 1616 libidine
242 1557 361 1616 furentis
376 1557 552 1616 induxerunt
567 1558 639 1616 deos
653 1558 853 1632 fecemntquc,
868 1568 900 1615 ut
915 1577 1015 1615 eorum
1030 1558 1114 1630 bella,

61 1655 184 1731 proelia,
212 1673 334 1730 pugnas,
359 1655 478 1713 vulnera
501 1655 676 1726 videremus,
702 1655 771 1713 odia
797 1665 955 1730 praeterea,
982 1655 1115 1728 discidia,

25 1776 48 1813 1⁵
62 1751 237 1824 discordias,
259 1762 348 1825 ortus,
370 1752 510 1824 interitus,
531 1753 680 1827 querellas,
703 1752 934 1824 lamentationes,
957 1754 1061 1811 effusas
1086 1754 1116 1811 in

62 1848 146 1908 omni
167 1849 392 1924 intemperantia
412 1850 556 1922 libidines,
578 1850 728 1920 adulteria,
746 1850 870 1921 vincula,
893 1869 961 1907 cum
986 1850 1116 1909 humano

61 1964 171 2024 genere
193 1947 368 2005 concubitus
389 1948 575 2022 mortalisque
598 1965 634 2004 ex
654 1947 798 2004 inmortali
819 1958 996 2022 procreatos.
1040 1949 1153 2007 Cumu

61 2046 218 2121 poetarum
245 2054 345 2101 autem
373 2061 467 2101 errore
496 2045 672 2119 coniungere
700 2045 769 2101 licet
796 2055 930 2119 portentu
964 2065 1116 2120 magorum

61 2140 334 2218 Aegyptiorumque
354 2141 385 2198 in
403 2141 511 2199 eodem
530 2159 636 2216 genere
652 2141 840 2213 dementiam,
855 2152 917 2199 tum
938 2144 1025 2199 etiam
1039 2145 1116 2218 vulgi

23 2238 228 2314 „opiniones
251 2256 326 2313 quae
354 2237 385 2296 in
413 2239 540 2296 maxima
567 2239 761 2295 inconstantia
782 2240 907 2296 veritatis
936 2240 1116 2313 ignoratione

61 2345 222 2395 versantur.
279 2336 324 2393 Ea
351 2335 401 2411 qui
429 2335 596 2394 consideret
623 2353 711 2410 quam
741 2336 904 2394 inconsulte
938 2356 973 2393 ac
1007 2348 1116 2396 temere

61 2432 208 2504 dicantur,
222 2432 354 2491 venerari
373 2433 534 2508 Epicurum
556 2442 584 2490 et
604 2433 635 2490 in
657 2451 759 2490 eorum
780 2434 908 2507 ipsorum
930 2454 1062 2507 numeru,
1078 2434 1116 2493 de

60 2531 170 2607 quibus
199 2529 274 2587 haec
298 2530 430 2604 quaestio
459 2539 511 2601 est,
537 2530 644 2588 habere
670 2529 785 2588 debeat.
829 2531 912 2588 Solus
942 2533 1020 2589 enim
1045 2532 1117 2590 vidit

61 2629 193 2704 primum
214 2645 279 2686 esse
301 2627 382 2699 deos
404 2627 486 2702 quod
507 2628 537 2685 in
559 2629 691 2686 omnium
712 2629 815 2686 animis
838 2647 939 2687 eorum
964 2632 1117 2688 notionem

23 2757 48 2795 ις
61 2726 259 2802 impressisset
278 2725 343 2801 ipsa
362 2735 473 2784 natura.
517 2725 601 2799 Quae
621 2736 664 2784 est
684 2726 762 2783 enim
780 2745 851 2801 gens
866 2737 915 2784 aut
929 2727 1010 2801 quod
1024 2746 1116 2802 genus

61 2823 227 2896 hominum,
243 2823 324 2899 quod
343 2842 404 2881 non
423 2823 529 2882 habeat
546 2825 608 2882 sine
623 2824 756 2882 doctrina
772 2825 1010 2899 anticipationem
1026 2844 1115 2900 quan-

62 2921 133 2980 dam
154 2919 302 2979 deorum?
321 2939 409 2995 quam
437 2922 563 2996 appellat
590 2921 732 2998 πρόληψιν
761 2922 913 2996 Epicums,
936 2923 965 2979 id
995 2933 1038 2980 est
1066 2942 1116 2980 an-

60 3028 213 3096 teceptam
241 3018 340 3076 animo
367 3019 410 3076 rei
438 3017 588 3093 quandam
615 3019 858 3091 informationem,
885 3021 946 3077 sine
975 3039 1033 3094 qua
1061 3040 1116 3077 nec

61 3117 193 3194 intellegi
220 3116 380 3192 quicquam
407 3135 464 3174 nec
493 3117 592 3190 quaeri
619 3135 676 3174 nec
705 3116 844 3191 disputari
872 3128 977 3193 potest.
1027 3120 1116 3176 Cuius

24 3215 182 3280 iurationis
199 3216 259 3273 vim
280 3223 367 3289 atque
390 3215 540 3272 utilitatem
562 3233 599 3271 ex
619 3214 667 3271 illo
688 3215 804 3271 caelesti
825 3216 945 3289 Epicuri
962 3215 999 3273 de
1019 3217 1117 3290 regula

63 3321 93 3371 et
119 3312 231 3371 iudicio
255 3311 402 3370 volumine
431 3312 608 3386 accepimus.
663 3311 753 3384 Quod
782 3313 866 3386 igitur
893 3297 1157 3402 fundamentum&

62 3410 148 3470 huius
164 3410 345 3487 quaestionis
367 3420 420 3481 est,
438 3409 469 3468 id
490 3411 637 3485 praeclare
659 3410 766 3467 iactum
783 3410 895 3467 videtis
939 3411 1015 3468 Cum
1038 3411 1116 3468 enim

62 3527 123 3567 non
150 3509 284 3568 instituto
309 3509 406 3583 aliquo
431 3519 479 3565 aut
504 3527 584 3566 more
610 3518 659 3566 aut
683 3509 746 3582 lege
772 3508 807 3565 sit
832 3509 931 3583 opinio
960 3509 1117 3565 constituta

63 3616 241 3682 maneatque
256 3604 296 3663 ad
310 3623 401 3663 unum
416 3606 547 3663 omnium
567 3606 649 3662 firma
668 3605 832 3675 consensi0,
849 3605 975 3679 intellegi
994 3623 1115 3662 necesse

26 3724 50 3765 ³⁵
62 3712 108 3762 est
125 3721 191 3763 esse
206 3701 292 3774 deos
306 3701 445 3777 quoniam
466 3702 565 3759 insitas
586 3720 688 3759 eorum
702 3701 748 3758 vel
766 3701 863 3776 potius
882 3702 994 3759 innatas
1017 3704 1115 3777 cogni-
