2446 4102
84 288 145 350 144
407 283 456 333 na
477 284 623 335 uarum
645 284 805 337 pronun.

79 439 182 516 Quid?
203 448 300 498 aestus
319 438 456 498 maritimi
469 439 515 497 vel
537 439 749 515 Hispanienses
768 441 815 499 vel
836 441 999 503 Britannici
1020 465 1129 505 eorum-

78 557 136 614 que
156 538 242 595 eertis
261 537 441 612 temporibus
463 537 509 594 vel
531 555 666 596 accessus
688 538 734 596 vel
753 557 886 598 recessus
906 541 970 599 sine
993 542 1052 601 deo
1072 544 1131 603 fieri

78 655 139 694 non
160 636 303 710 possunt?
342 634 429 706 Vide,
448 652 566 709 quaeso,
585 636 609 693 si
630 636 726 694 omnis
747 647 845 696 motus
867 640 1037 716 omniaque,
1059 661 1131 718 quae

79 734 164 792 certis
182 732 364 808 temporibus
383 731 516 790 ordinem
534 751 619 790 suum
635 745 816 807 conservant,
832 734 932 794 divina
947 737 1081 812 dicimus,
1095 760 1131 800 ne

78 833 213 890 tertianas
229 848 346 906 quoque
362 830 456 888 febres
472 838 501 887 et
516 839 670 905 quartanas
689 830 800 890 divinas
820 851 884 892 esse
904 834 1067 895 dicendum
1088 839 1131 911 sit,
1148 856 1159 896 s

77 948 201 1005 quarum
220 928 384 986 reversione
405 938 435 985 et
453 937 536 985 motu
553 928 624 1003 quid
639 938 737 1003 potest
751 948 815 988 esse
830 932 1034 992 constantius?
1075 934 1132 995 Sed

39 1047 65 1087 aa
77 1028 209 1085 omnium
224 1027 323 1084 talium
337 1044 433 1083 rerum
447 1025 519 1083 ratio
534 1025 688 1084 reddenda
702 1037 753 1086 est.
787 1028 879 1102 Quod
888 1049 942 1088 vos
957 1050 1027 1090 eum
1038 1034 1131 1093 facere

76 1144 137 1183 non
151 1126 281 1201 potestis,
296 1133 446 1198 tamquam
460 1123 490 1181 in
504 1142 584 1181 aram
598 1125 753 1200 confugitis
768 1125 806 1185 ad
820 1126 920 1186 deum.

118 1224 157 1280 Et
172 1222 350 1297 Chrysippus
365 1221 418 1279 tibi
436 1230 521 1278 acute
546 1221 645 1279 dicere
667 1222 827 1296 videbatur,
843 1225 933 1284 homo
956 1227 1020 1286 sine
1042 1228 1132 1289 dubio

76 1330 206 1378 versutus
235 1329 263 1376 et
293 1317 413 1376 callidus
443 1318 588 1396 (versutos
617 1337 668 1377 eos
694 1320 819 1395 appello,
845 1340 971 1397 quorum
1000 1326 1133 1386 celeriter
1145 1354 1167 1380 10

78 1437 160 1477 mens
175 1427 310 1488 versatur,
326 1415 447 1474 callidos
465 1427 573 1488 autem,
588 1436 722 1492 quorum,
737 1428 888 1493 tamquam
907 1441 1012 1481 manus
1032 1444 1131 1501 opere,

76 1517 118 1574 sic
139 1516 253 1573 animus
275 1533 329 1571 usu
351 1513 547 1588 concalluit);
570 1513 594 1571 is
611 1514 714 1590 igitur:
741 1516 788 1573 ‘Si
809 1517 920 1592 aliquid
941 1530 986 1578 est
996 1522 1013 1593 '‚
1029 1522 1131 1597 inquit,

77 1612 175 1689 ‘quod
198 1613 288 1670 homo
311 1610 427 1668 efficere
448 1629 509 1668 non
528 1611 628 1686 possit,
651 1612 701 1686 qui
722 1610 755 1669 id
775 1613 872 1687 efficit,
888 1617 992 1675 melior
1014 1629 1058 1677 est
1079 1621 1130 1679 ho-

75 1713 172 1781 mine;
199 1711 290 1768 homo
313 1719 411 1766 autem
433 1707 517 1780 haec,
541 1727 616 1784 quae
639 1709 668 1766 in
691 1709 804 1769 mundo
826 1723 904 1785 sunt,
928 1715 1047 1774 efficere
1070 1737 1131 1777 non

74 1818 190 1886 potest,
219 1808 270 1883 qui
294 1806 388 1881 potuit
413 1806 506 1880 igitur,
532 1806 555 1863 is
579 1816 707 1881 praestat
731 1807 863 1882 homini3
892 1810 1005 1870 homini
1030 1825 1129 1874 autem
1144 1838 1166 1874 τε

74 1916 220 1982 praestare
243 1904 307 1979 quis
328 1903 420 1979 possit
440 1903 495 1960 nisi
510 1902 604 1961 deus?
625 1913 669 1961 est
682 1905 768 1979 igitur
787 1906 879 1965 deus'
923 1911 1011 1968 Haec
1031 1915 1132 1971 omnia

35 2024 61 2063 no
74 2005 104 2062 in
126 2002 241 2073 eodem,
264 2019 323 2076 quo
345 2001 392 2056 illa
415 2001 550 2072 Zenonis,
573 2019 667 2059 errore
688 2014 846 2062 versantur.
890 2006 972 2080 Quid
993 2009 1072 2067 enim
1094 2012 1131 2069 sit

73 2102 185 2172 melius
201 2099 272 2174 quid
286 2098 494 2174 praestabilius,
510 2098 581 2172 quid
599 2099 674 2156 inter
687 2111 820 2158 naturam
834 2112 864 2159 et
881 2105 1025 2164 rationem
1040 2108 1127 2167 inter-

73 2201 118 2271 sit,
140 2217 200 2256 non
222 2197 414 2271 distinguitur.
457 2194 611 2270 Idemque,
627 2197 651 2254 si
673 2196 721 2254 dei
742 2216 803 2255 non
824 2199 890 2271 sint,
906 2212 994 2277 negat
1016 2222 1080 2263 esse
1099 2207 1128 2264 in

73 2298 154 2356 omni
174 2306 277 2353 natura
293 2294 451 2368 quicquam
466 2292 585 2349 homine
601 2294 723 2366 melius;
746 2294 776 2352 id
791 2306 890 2353 autern
904 2308 1009 2372 putare
1025 2321 1125 2376 quem·
1141 2333 1165 2358 ω

72 2414 161 2471 quam
176 2393 335 2462 hominem,
351 2390 421 2447 nihil
436 2390 555 2447 homine
572 2407 635 2447 esse
653 2392 765 2462 melius,
781 2410 914 2452 summae
936 2396 1126 2473 adrogantiae

72 2501 174 2550 censet
189 2510 261 2549 esse.
304 2490 345 2547 Sit
362 2506 431 2545 sane
453 2486 619 2562 adrogantis
641 2489 729 2562 pluris
751 2507 782 2546 se
804 2500 909 2566 putare,
929 2511 1020 2568 quam
1041 2516 1125 2555 mun-

72 2590 164 2662 dum,
186 2599 215 2646 at
230 2587 299 2645 illud
314 2606 375 2643 non
389 2585 481 2642 modo
500 2603 561 2643 non
580 2585 755 2660 adrogantis
772 2586 824 2644 sed
843 2589 941 2663 potius
962 2592 1125 2667 prudentis,

71 2688 238 2761 intellegere
253 2703 284 2742 se
300 2684 406 2740 habere
421 2702 539 2739 sensum
554 2692 583 2740 et
599 2683 751 2755 rationem,
767 2684 842 2742 haee
859 2685 966 2745 eadem
982 2690 1125 2751 Orionem

71 2795 101 2843 et
116 2784 287 2843 Caniculam
302 2800 362 2837 non
377 2781 492 2839 habere.
536 2781 592 2838 Et:
617 2781 664 2839 ‘Si
682 2779 787 2840 domus
809 2783 931 2857 pulchra
952 2786 997 2858 sit,
1013 2787 1123 2847 intelle·
1139 2814 1161 2851 ιε

70 2901 171 2958 gamus
194 2899 258 2936 eam
280 2878 431 2948 dominis’,
452 2878 553 2951 inquit,
577 2878 781 2936 ‘aedificatam
803 2898 875 2952 esse,
891 2900 952 2940 non
974 2886 1124 2960 muribus,

69 2981 112 3038 sic
133 2979 217 3053 igitur
240 2974 382 3033 mundum
405 2974 527 3032 deorum
547 2975 671 3033 domum
691 2977 854 3036 existimare
872 2978 1036 3040 debemus'
1079 2985 1125 3043 Ita

70 3095 185 3153 prorsus
208 3075 412 3143 existimarem,
428 3073 452 3129 si
473 3072 552 3130 illurn
573 3073 760 3131 aedificatum
783 3094 855 3146 esse,
875 3095 936 3134 non
961 3077 1123 3155 (quemad

69 3172 192 3232 modum
208 3169 340 3245 docebo)
360 3190 377 3228 a
391 3181 493 3228 natura
507 3171 721 3229 conformatum
736 3183 878 3246 putarem.

26 3256 61 3363 ¹271
110 3270 239 3327 atenim
255 3269 366 3343 quaerit
386 3267 464 3342 apud
484 3269 712 3342 Xenophontem
733 3270 875 3342 SocrateS,
890 3271 970 3331 unde
990 3275 1120 3334 animum
1135 3299 1160 3335 ³0

68 3367 280 3442 arripuerimus,
296 3366 319 3422 si
341 3366 435 3422 nullus
457 3365 541 3422 suerit
563 3366 593 3423 in
614 3365 736 3425 mundo,
780 3369 818 3425 Et
836 3387 891 3444 ego
906 3388 1025 3445 quaero,
1041 3374 1119 3431 unde

69 3465 240 3534 orationem,
260 3462 339 3519 unde
361 3481 506 3534 numeros,
527 3462 606 3520 unde
625 3473 727 3521 cantus
737 3484 747 3536 ;
769 3465 824 3522 nisi
838 3485 908 3524 vero
927 3468 1007 3543 loqui
1028 3471 1119 3529 solem

69 3581 137 3621 cum
151 3563 219 3618 luna
240 3570 384 3635 putamus,
400 3579 468 3616 curn
485 3561 604 3635 propius
625 3561 789 3632 accesserit,
805 3572 855 3621 aut
873 3563 912 3621 ad
937 3565 1120 3627 harmoniam

69 3678 173 3719 canere
197 3657 348 3726 mundum,
371 3666 402 3712 ut
424 3656 600 3730 Pythagoras
622 3658 774 3715 existimat.
818 3660 947 3719 Naturae
969 3663 1119 3739 istasunt,

68 3760 167 3830 Balbe,
190 3765 307 3814 naturae
329 3772 390 3812 non
410 3752 563 3810 artificiose
586 3753 768 3826 ambulantis,
790 3765 821 3813 ut
844 3757 883 3815 ait
905 3759 995 3833 Zeno,
1022 3760 1156 3840 (quodas
