<?xml version="1.0" encoding="UTF-8"?>
<!DOCTYPE html PUBLIC "-//W3C//DTD XHTML 1.0 Transitional//EN"
    "http://www.w3.org/TR/xhtml1/DTD/xhtml1-transitional.dtd">
<html xmlns="http://www.w3.org/1999/xhtml" xml:lang="en" lang="en">
 <head>
  <title>
</title>
<meta http-equiv="Content-Type" content="text/html;charset=utf-8" />
  <meta name='ocr-system' content='tesseract 3.04.00' />
  <meta name='ocr-capabilities' content='ocr_page ocr_carea ocr_par ocr_line ocrx_word'/>
</head>
<body>
  <div class='ocr_page' id='page_1' title='image "./mtulliiciceroni00schgoog_0120.png"; bbox 0 0 2446 4102; ppageno 0'>
   <div class='ocr_carea' id='block_1_1' title="bbox 265 274 1119 342">
    <p class='ocr_par' dir='ltr' id='par_1_1' title="bbox 265 274 1119 342">
     <span class='ocr_line' id='line_1_1' title="bbox 265 274 1119 342; baseline 0.004 -20"><span class='ocrx_word' id='word_1_1' title='bbox 265 275 330 323; x_wconf 80' lang='lat' dir='ltr'>Lm.</span> <span class='ocrx_word' id='word_1_2' title='bbox 343 274 379 322; x_wconf 90' lang='lat'>11.</span> <span class='ocrx_word' id='word_1_3' title='bbox 412 274 608 335; x_wconf 67' lang='lat' dir='ltr'>cmxxxvi,</span> <span class='ocrx_word' id='word_1_4' title='bbox 622 276 757 325; x_wconf 86' lang='lat' dir='ltr'>xxxvn.</span> <span class='ocrx_word' id='word_1_5' title='bbox 791 276 923 339; x_wconf 56' lang='grc' dir='ltr'><strong><em>ξμς-94.</em></strong></span> <span class='ocrx_word' id='word_1_6' title='bbox 1059 277 1119 342; x_wconf 90' lang='lat'>107</span> 
     </span>
    </p>
   </div>
   <div class='ocr_carea' id='block_1_2' title="bbox 22 427 1162 1378">
    <p class='ocr_par' dir='ltr' id='par_1_2' title="bbox 22 427 1162 1378">
     <span class='ocr_line' id='line_1_2' title="bbox 59 427 1162 502; baseline 0.004 -17"><span class='ocrx_word' id='word_1_7' title='bbox 59 427 136 486; x_wconf 89' lang='lat' dir='ltr'>tanti</span> <span class='ocrx_word' id='word_1_8' title='bbox 156 428 254 502; x_wconf 91' lang='lat' dir='ltr'>operis</span> <span class='ocrx_word' id='word_1_9' title='bbox 277 428 406 502; x_wconf 89' lang='lat' dir='ltr'>tantique</span> <span class='ocrx_word' id='word_1_10' title='bbox 428 429 564 486; x_wconf 87' lang='lat' dir='ltr'>muneris.</span> <span class='ocrx_word' id='word_1_11' title='bbox 607 429 696 486; x_wconf 90' lang='lat' dir='ltr'>Nunc</span> <span class='ocrx_word' id='word_1_12' title='bbox 718 439 815 487; x_wconf 89' lang='lat' dir='ltr'>autem</span> <span class='ocrx_word' id='word_1_13' title='bbox 839 431 910 488; x_wconf 87' lang='lat' dir='ltr'>mibi</span> <span class='ocrx_word' id='word_1_14' title='bbox 923 430 1059 489; x_wconf 87' lang='lat' dir='ltr'>videntur</span> <span class='ocrx_word' id='word_1_15' title='bbox 1080 442 1162 496; x_wconf 78' lang='lat' dir='ltr'>ne36</span> 
     </span>
     <span class='ocr_line' id='line_1_3' title="bbox 61 524 1118 600; baseline 0.003 -17"><span class='ocrx_word' id='word_1_16' title='bbox 61 525 206 599; x_wconf 89' lang='lat' dir='ltr'>suspicari</span> <span class='ocrx_word' id='word_1_17' title='bbox 234 524 363 598; x_wconf 89' lang='lat' dir='ltr'>quidem,</span> <span class='ocrx_word' id='word_1_18' title='bbox 389 537 497 600; x_wconf 90' lang='lat' dir='ltr'>quanta</span> <span class='ocrx_word' id='word_1_19' title='bbox 525 527 560 583; x_wconf 91' lang='lat' dir='ltr'>sit</span> <span class='ocrx_word' id='word_1_20' title='bbox 588 527 792 584; x_wconf 83' lang='lat' dir='ltr'>admirabilitas</span> <span class='ocrx_word' id='word_1_21' title='bbox 820 529 988 585; x_wconf 88' lang='lat' dir='ltr'>caelestium</span> <span class='ocrx_word' id='word_1_22' title='bbox 1023 547 1118 586; x_wconf 90' lang='lat' dir='ltr'>rerum</span> 
     </span>
     <span class='ocr_line' id='line_1_4' title="bbox 62 623 361 696; baseline 0.003 -17"><span class='ocrx_word' id='word_1_23' title='bbox 62 631 154 696; x_wconf 87' lang='lat' dir='ltr'>atque</span> <span class='ocrx_word' id='word_1_24' title='bbox 176 623 361 680; x_wconf 86' lang='lat' dir='ltr'>terrestrium.</span> 
     </span>
     <span class='ocr_line' id='line_1_5' title="bbox 106 719 1156 796; baseline 0.001 -21"><span class='ocrx_word' id='word_1_25' title='bbox 106 719 254 794; x_wconf 90' lang='lat' dir='ltr'>Principio</span> <span class='ocrx_word' id='word_1_26' title='bbox 274 721 352 777; x_wconf 90' lang='lat' dir='ltr'>enim</span> <span class='ocrx_word' id='word_1_27' title='bbox 373 729 449 777; x_wconf 88' lang='lat' dir='ltr'>terra</span> <span class='ocrx_word' id='word_1_28' title='bbox 471 720 525 777; x_wconf 89' lang='lat' dir='ltr'>sita</span> <span class='ocrx_word' id='word_1_29' title='bbox 546 721 576 778; x_wconf 89' lang='lat' dir='ltr'>in</span> <span class='ocrx_word' id='word_1_30' title='bbox 599 721 697 778; x_wconf 90' lang='lat' dir='ltr'>media</span> <span class='ocrx_word' id='word_1_31' title='bbox 717 731 798 796; x_wconf 88' lang='lat' dir='ltr'>parte</span> <span class='ocrx_word' id='word_1_32' title='bbox 821 722 924 779; x_wconf 93' lang='lat' dir='ltr'>mundi</span> <span class='ocrx_word' id='word_1_33' title='bbox 946 724 1156 782; x_wconf 76' lang='lat' dir='ltr'>circumfusam</span> 
     </span>
     <span class='ocr_line' id='line_1_6' title="bbox 28 816 1117 893; baseline 0.006 -20"><span class='ocrx_word' id='word_1_34' title='bbox 28 836 41 873; x_wconf 85' lang='lat' dir='ltr'>s</span> <span class='ocrx_word' id='word_1_35' title='bbox 62 816 198 890; x_wconf 91' lang='lat' dir='ltr'>undique</span> <span class='ocrx_word' id='word_1_36' title='bbox 213 826 257 874; x_wconf 90' lang='lat' dir='ltr'>est</span> <span class='ocrx_word' id='word_1_37' title='bbox 271 817 326 874; x_wconf 90' lang='lat' dir='ltr'>hac</span> <span class='ocrx_word' id='word_1_38' title='bbox 341 818 458 874; x_wconf 89' lang='lat' dir='ltr'>animali</span> <span class='ocrx_word' id='word_1_39' title='bbox 479 819 662 893; x_wconf 85' lang='lat' dir='ltr'>spirabilique</span> <span class='ocrx_word' id='word_1_40' title='bbox 684 830 794 890; x_wconf 88' lang='lat' dir='ltr'>natura,</span> <span class='ocrx_word' id='word_1_41' title='bbox 810 820 857 876; x_wconf 95' lang='lat' dir='ltr'>cui</span> <span class='ocrx_word' id='word_1_42' title='bbox 878 838 988 877; x_wconf 91' lang='lat' dir='ltr'>nomen</span> <span class='ocrx_word' id='word_1_43' title='bbox 1003 832 1046 878; x_wconf 89' lang='lat' dir='ltr'>est</span> <span class='ocrx_word' id='word_1_44' title='bbox 1061 823 1117 893; x_wconf 72' lang='lat' dir='ltr'>aei,</span> 
     </span>
     <span class='ocr_line' id='line_1_7' title="bbox 63 914 1118 992; baseline 0.005 -20"><span class='ocrx_word' id='word_1_45' title='bbox 63 915 215 973; x_wconf 90' lang='lat' dir='ltr'>Graecum</span> <span class='ocrx_word' id='word_1_46' title='bbox 229 914 300 971; x_wconf 92' lang='lat' dir='ltr'>illud</span> <span class='ocrx_word' id='word_1_47' title='bbox 315 914 443 989; x_wconf 90' lang='lat' dir='ltr'>quidem,</span> <span class='ocrx_word' id='word_1_48' title='bbox 456 915 509 972; x_wconf 91' lang='lat' dir='ltr'>sed</span> <span class='ocrx_word' id='word_1_49' title='bbox 523 926 695 990; x_wconf 87' lang='lat' dir='ltr'>perceptum</span> <span class='ocrx_word' id='word_1_50' title='bbox 711 917 767 973; x_wconf 90' lang='lat' dir='ltr'>iam</span> <span class='ocrx_word' id='word_1_51' title='bbox 782 927 880 974; x_wconf 90' lang='lat' dir='ltr'>tamen</span> <span class='ocrx_word' id='word_1_52' title='bbox 896 937 949 974; x_wconf 92' lang='lat' dir='ltr'>usu</span> <span class='ocrx_word' id='word_1_53' title='bbox 964 938 980 975; x_wconf 93' lang='lat' dir='ltr'>a</span> <span class='ocrx_word' id='word_1_54' title='bbox 995 921 1118 992; x_wconf 80' lang='lat' dir='ltr'>nostris3</span> 
     </span>
     <span class='ocr_line' id='line_1_8' title="bbox 62 1011 1119 1088; baseline 0.006 -20"><span class='ocrx_word' id='word_1_55' title='bbox 62 1011 164 1068; x_wconf 91' lang='lat' dir='ltr'>tritum</span> <span class='ocrx_word' id='word_1_56' title='bbox 179 1020 223 1068; x_wconf 92' lang='lat' dir='ltr'>est</span> <span class='ocrx_word' id='word_1_57' title='bbox 237 1012 315 1068; x_wconf 91' lang='lat' dir='ltr'>enim</span> <span class='ocrx_word' id='word_1_58' title='bbox 330 1030 383 1086; x_wconf 90' lang='lat' dir='ltr'>pro</span> <span class='ocrx_word' id='word_1_59' title='bbox 398 1013 511 1070; x_wconf 85' lang='lat' dir='ltr'>Latino</span> <span class='ocrx_word' id='word_1_60' title='bbox 556 1014 647 1070; x_wconf 90' lang='lat' dir='ltr'>Hunc</span> <span class='ocrx_word' id='word_1_61' title='bbox 661 1032 757 1071; x_wconf 90' lang='lat' dir='ltr'>rursus</span> <span class='ocrx_word' id='word_1_62' title='bbox 771 1016 955 1088; x_wconf 68' lang='lat' dir='ltr'>amplectitur</span> <span class='ocrx_word' id='word_1_63' title='bbox 971 1017 1119 1074; x_wconf 92' lang='lat' dir='ltr'>inmensus</span> 
     </span>
     <span class='ocr_line' id='line_1_9' title="bbox 62 1108 1118 1187; baseline 0.004 -21"><span class='ocrx_word' id='word_1_64' title='bbox 62 1109 174 1179; x_wconf 87' lang='lat' dir='ltr'>aether,</span> <span class='ocrx_word' id='word_1_65' title='bbox 191 1108 241 1182; x_wconf 93' lang='lat' dir='ltr'>qui</span> <span class='ocrx_word' id='word_1_66' title='bbox 262 1118 376 1166; x_wconf 88' lang='lat' dir='ltr'>constat</span> <span class='ocrx_word' id='word_1_67' title='bbox 397 1127 433 1166; x_wconf 89' lang='lat' dir='ltr'>ex</span> <span class='ocrx_word' id='word_1_68' title='bbox 456 1110 598 1168; x_wconf 87' lang='lat' dir='ltr'>altissimis</span> <span class='ocrx_word' id='word_1_69' title='bbox 620 1111 742 1185; x_wconf 83' lang='lat' dir='ltr'>ignibus</span> <span class='ocrx_word' id='word_1_70' title='bbox 787 1113 956 1169; x_wconf 90' lang='lat' dir='ltr'>Mutuemur</span> <span class='ocrx_word' id='word_1_71' title='bbox 975 1113 1032 1169; x_wconf 91' lang='lat' dir='ltr'>hoc</span> <span class='ocrx_word' id='word_1_72' title='bbox 1047 1132 1118 1187; x_wconf 94' lang='lat' dir='ltr'>quo·</span> 
     </span>
     <span class='ocr_line' id='line_1_10' title="bbox 62 1205 1118 1283; baseline 0.004 -21"><span class='ocrx_word' id='word_1_73' title='bbox 62 1224 122 1280; x_wconf 91' lang='lat' dir='ltr'>que</span> <span class='ocrx_word' id='word_1_74' title='bbox 137 1206 268 1276; x_wconf 87' lang='lat' dir='ltr'>verbum,</span> <span class='ocrx_word' id='word_1_75' title='bbox 283 1205 454 1280; x_wconf 86' lang='lat' dir='ltr'>dicaturque</span> <span class='ocrx_word' id='word_1_76' title='bbox 472 1216 533 1264; x_wconf 91' lang='lat' dir='ltr'>tam</span> <span class='ocrx_word' id='word_1_77' title='bbox 555 1209 689 1265; x_wconf 88' lang='lat' dir='ltr'>‘aether’</span> <span class='ocrx_word' id='word_1_78' title='bbox 713 1208 824 1279; x_wconf 80' lang='lat' dir='ltr'>latine,</span> <span class='ocrx_word' id='word_1_79' title='bbox 840 1227 928 1283; x_wconf 88' lang='lat' dir='ltr'>quam</span> <span class='ocrx_word' id='word_1_80' title='bbox 942 1209 1047 1266; x_wconf 88' lang='lat' dir='ltr'>dicitur</span> <span class='ocrx_word' id='word_1_81' title='bbox 1060 1211 1118 1281; x_wconf 73' lang='lat' dir='ltr'>aer,</span> 
     </span>
     <span class='ocr_line' id='line_1_11' title="bbox 22 1303 509 1378; baseline 0.002 -17"><span class='ocrx_word' id='word_1_82' title='bbox 22 1325 49 1353; x_wconf 79' lang='grc' dir='ltr'>ιο</span> <span class='ocrx_word' id='word_1_83' title='bbox 62 1303 119 1361; x_wconf 91' lang='lat' dir='ltr'>etsi</span> <span class='ocrx_word' id='word_1_84' title='bbox 134 1303 336 1378; x_wconf 89' lang='lat' dir='ltr'>interpretatur</span> <span class='ocrx_word' id='word_1_85' title='bbox 350 1304 509 1362; x_wconf 90' lang='lat' dir='ltr'>Pacuvius:</span> 
     </span>
    </p>
   </div>
   <div class='ocr_carea' id='block_1_3' title="bbox 106 1433 1119 1607">
    <p class='ocr_par' dir='ltr' id='par_1_3' title="bbox 106 1433 1119 1607">
     <span class='ocr_line' id='line_1_12' title="bbox 106 1433 1118 1512; baseline 0.004 -19"><span class='ocrx_word' id='word_1_86' title='bbox 106 1436 204 1506; x_wconf 84' lang='lat' dir='ltr'>Hoc,</span> <span class='ocrx_word' id='word_1_87' title='bbox 226 1433 324 1508; x_wconf 92' lang='lat' dir='ltr'>quod</span> <span class='ocrx_word' id='word_1_88' title='bbox 351 1452 524 1506; x_wconf 89' lang='lat' dir='ltr'>memor0,</span> <span class='ocrx_word' id='word_1_89' title='bbox 549 1436 667 1494; x_wconf 84' lang='lat' dir='ltr'>ndstri</span> <span class='ocrx_word' id='word_1_90' title='bbox 690 1437 847 1509; x_wconf 80' lang='lat' dir='ltr'>caelum,</span> <span class='ocrx_word' id='word_1_91' title='bbox 867 1438 969 1496; x_wconf 77' lang='lat' dir='ltr'>Graii</span> <span class='ocrx_word' id='word_1_92' title='bbox 994 1438 1118 1512; x_wconf 88' lang='lat' dir='ltr'>perhi-</span> 
     </span>
     <span class='ocr_line' id='line_1_13' title="bbox 831 1535 1119 1607; baseline 0 -15"><span class='ocrx_word' id='word_1_93' title='bbox 831 1535 920 1592; x_wconf 91' lang='lat' dir='ltr'>bent</span> <span class='ocrx_word' id='word_1_94' title='bbox 944 1535 1119 1607; x_wconf 73' lang='lat' dir='ltr'>aethera,</span> 
     </span>
    </p>
   </div>
   <div class='ocr_carea' id='block_1_4' title="bbox 23 1679 1119 1934">
    <p class='ocr_par' dir='ltr' id='par_1_4' title="bbox 23 1679 1119 1934">
     <span class='ocr_line' id='line_1_14' title="bbox 62 1679 1118 1758; baseline -0.002 -18"><span class='ocrx_word' id='word_1_95' title='bbox 62 1681 147 1758; x_wconf 91' lang='lat' dir='ltr'>quasi</span> <span class='ocrx_word' id='word_1_96' title='bbox 162 1697 231 1738; x_wconf 92' lang='lat' dir='ltr'>vero</span> <span class='ocrx_word' id='word_1_97' title='bbox 246 1698 307 1738; x_wconf 95' lang='lat' dir='ltr'>non</span> <span class='ocrx_word' id='word_1_98' title='bbox 324 1680 427 1740; x_wconf 90' lang='lat' dir='ltr'>Graius</span> <span class='ocrx_word' id='word_1_99' title='bbox 449 1680 507 1739; x_wconf 95' lang='lat' dir='ltr'>hoc</span> <span class='ocrx_word' id='word_1_100' title='bbox 522 1679 610 1739; x_wconf 88' lang='lat' dir='ltr'>dicat.</span> <span class='ocrx_word' id='word_1_101' title='bbox 652 1683 690 1739; x_wconf 91' lang='lat' dir='ltr'>At</span> <span class='ocrx_word' id='word_1_102' title='bbox 712 1682 815 1739; x_wconf 88' lang='lat' dir='ltr'>Latine</span> <span class='ocrx_word' id='word_1_103' title='bbox 836 1681 970 1756; x_wconf 89' lang='lat' dir='ltr'>loquitur.</span> <span class='ocrx_word' id='word_1_104' title='bbox 1013 1682 1041 1740; x_wconf 90' lang='lat' dir='ltr'>Si</span> <span class='ocrx_word' id='word_1_105' title='bbox 1056 1682 1118 1756; x_wconf 93' lang='lat' dir='ltr'>qui-</span> 
     </span>
     <span class='ocr_line' id='line_1_15' title="bbox 63 1778 1119 1853; baseline -0.002 -15"><span class='ocrx_word' id='word_1_106' title='bbox 63 1779 135 1839; x_wconf 92' lang='lat' dir='ltr'>dem</span> <span class='ocrx_word' id='word_1_107' title='bbox 149 1797 204 1836; x_wconf 90' lang='lat' dir='ltr'>nos</span> <span class='ocrx_word' id='word_1_108' title='bbox 218 1796 280 1836; x_wconf 93' lang='lat' dir='ltr'>non</span> <span class='ocrx_word' id='word_1_109' title='bbox 294 1778 375 1853; x_wconf 92' lang='lat' dir='ltr'>quasi</span> <span class='ocrx_word' id='word_1_110' title='bbox 390 1779 504 1837; x_wconf 90' lang='lat' dir='ltr'>Graece</span> <span class='ocrx_word' id='word_1_111' title='bbox 525 1778 695 1853; x_wconf 88' lang='lat' dir='ltr'>loquentem</span> <span class='ocrx_word' id='word_1_112' title='bbox 717 1778 878 1836; x_wconf 88' lang='lat' dir='ltr'>audiamus.</span> <span class='ocrx_word' id='word_1_113' title='bbox 921 1779 1019 1836; x_wconf 86' lang='lat' dir='ltr'>Docet</span> <span class='ocrx_word' id='word_1_114' title='bbox 1039 1778 1119 1836; x_wconf 91' lang='lat' dir='ltr'>idem</span> 
     </span>
     <span class='ocr_line' id='line_1_16' title="bbox 23 1876 223 1934; baseline 0 -1"><span class='ocrx_word' id='word_1_115' title='bbox 23 1894 49 1933; x_wconf 76' lang='grc' dir='ltr'>ιε</span> <span class='ocrx_word' id='word_1_116' title='bbox 63 1876 122 1934; x_wconf 84' lang='lat' dir='ltr'>alio</span> <span class='ocrx_word' id='word_1_117' title='bbox 136 1876 223 1933; x_wconf 93' lang='lat' dir='ltr'>loco:</span> 
     </span>
    </p>
   </div>
   <div class='ocr_carea' id='block_1_5' title="bbox 105 2021 931 2099">
    <p class='ocr_par' dir='ltr' id='par_1_5' title="bbox 105 2021 931 2099">
     <span class='ocr_line' id='line_1_17' title="bbox 105 2021 931 2099; baseline -0.002 -16"><span class='ocrx_word' id='word_1_118' title='bbox 105 2023 315 2098; x_wconf 83' lang='lat' dir='ltr'>Graidgena</span> <span class='ocrx_word' id='word_1_119' title='bbox 343 2021 386 2081; x_wconf 92' lang='lat' dir='ltr'>de</span> <span class='ocrx_word' id='word_1_120' title='bbox 416 2023 511 2080; x_wconf 89' lang='lat' dir='ltr'>istoc</span> <span class='ocrx_word' id='word_1_121' title='bbox 539 2023 661 2099; x_wconf 74' lang='lat' dir='ltr'>aperit</span> <span class='ocrx_word' id='word_1_122' title='bbox 689 2023 769 2098; x_wconf 89' lang='lat' dir='ltr'>ipsa</span> <span class='ocrx_word' id='word_1_123' title='bbox 796 2023 931 2081; x_wconf 73' lang='lat' dir='ltr'>oratio</span> 
     </span>
    </p>
   </div>
   <div class='ocr_carea' id='block_1_6' title="bbox 23 2169 1161 3801">
    <p class='ocr_par' dir='ltr' id='par_1_6' title="bbox 61 2169 1158 2439">
     <span class='ocr_line' id='line_1_18' title="bbox 62 2169 1158 2244; baseline 0.001 -16"><span class='ocrx_word' id='word_1_124' title='bbox 62 2170 123 2232; x_wconf 89' lang='lat' dir='ltr'>Sed</span> <span class='ocrx_word' id='word_1_125' title='bbox 150 2169 190 2229; x_wconf 91' lang='lat' dir='ltr'>ad</span> <span class='ocrx_word' id='word_1_126' title='bbox 224 2170 334 2228; x_wconf 88' lang='lat' dir='ltr'>maiora</span> <span class='ocrx_word' id='word_1_127' title='bbox 361 2169 523 2228; x_wconf 90' lang='lat' dir='ltr'>redeamus.</span> <span class='ocrx_word' id='word_1_128' title='bbox 567 2171 612 2228; x_wconf 88' lang='lat' dir='ltr'>Ex</span> <span class='ocrx_word' id='word_1_129' title='bbox 640 2169 756 2228; x_wconf 88' lang='lat' dir='ltr'>aethere</span> <span class='ocrx_word' id='word_1_130' title='bbox 785 2169 869 2244; x_wconf 89' lang='lat' dir='ltr'>igitur</span> <span class='ocrx_word' id='word_1_131' title='bbox 896 2170 1120 2230; x_wconf 87' lang='lat' dir='ltr'>innumerabiles</span> <span class='ocrx_word' id='word_1_132' title='bbox 1133 2194 1158 2235; x_wconf 74' lang='lat'>92</span> 
     </span>
     <span class='ocr_line' id='line_1_19' title="bbox 62 2267 1118 2342; baseline -0.001 -16"><span class='ocrx_word' id='word_1_133' title='bbox 62 2269 199 2326; x_wconf 90' lang='lat' dir='ltr'>flammae</span> <span class='ocrx_word' id='word_1_134' title='bbox 215 2267 342 2325; x_wconf 92' lang='lat' dir='ltr'>siderum</span> <span class='ocrx_word' id='word_1_135' title='bbox 357 2268 491 2338; x_wconf 88' lang='lat' dir='ltr'>existunt,</span> <span class='ocrx_word' id='word_1_136' title='bbox 506 2286 630 2342; x_wconf 92' lang='lat' dir='ltr'>quorum</span> <span class='ocrx_word' id='word_1_137' title='bbox 651 2277 695 2325; x_wconf 90' lang='lat' dir='ltr'>est</span> <span class='ocrx_word' id='word_1_138' title='bbox 715 2267 852 2342; x_wconf 89' lang='lat' dir='ltr'>princeps</span> <span class='ocrx_word' id='word_1_139' title='bbox 876 2268 919 2324; x_wconf 91' lang='lat' dir='ltr'>sol</span> <span class='ocrx_word' id='word_1_140' title='bbox 941 2269 1040 2325; x_wconf 91' lang='lat' dir='ltr'>omnia</span> <span class='ocrx_word' id='word_1_141' title='bbox 1062 2269 1118 2325; x_wconf 90' lang='lat' dir='ltr'>cla-</span> 
     </span>
     <span class='ocr_line' id='line_1_20' title="bbox 61 2364 1121 2439; baseline -0.003 -15"><span class='ocrx_word' id='word_1_142' title='bbox 61 2366 176 2424; x_wconf 90' lang='lat' dir='ltr'>rissima</span> <span class='ocrx_word' id='word_1_143' title='bbox 199 2365 265 2422; x_wconf 89' lang='lat' dir='ltr'>luce</span> <span class='ocrx_word' id='word_1_144' title='bbox 289 2365 477 2435; x_wconf 88' lang='lat' dir='ltr'>conlustrans,</span> <span class='ocrx_word' id='word_1_145' title='bbox 499 2365 595 2421; x_wconf 89' lang='lat' dir='ltr'>multis</span> <span class='ocrx_word' id='word_1_146' title='bbox 619 2364 747 2439; x_wconf 88' lang='lat' dir='ltr'>partibus</span> <span class='ocrx_word' id='word_1_147' title='bbox 772 2364 865 2421; x_wconf 87' lang='lat' dir='ltr'>maior</span> <span class='ocrx_word' id='word_1_148' title='bbox 889 2374 975 2439; x_wconf 91' lang='lat' dir='ltr'>atque</span> <span class='ocrx_word' id='word_1_149' title='bbox 998 2366 1121 2439; x_wconf 87' lang='lat' dir='ltr'>amplior</span> 
     </span>
    </p>

    <p class='ocr_par' dir='ltr' id='par_1_7' title="bbox 23 2460 1121 2926">
     <span class='ocr_line' id='line_1_21' title="bbox 23 2460 1119 2538; baseline 0.002 -22"><span class='ocrx_word' id='word_1_150' title='bbox 23 2487 49 2516; x_wconf 74' lang='lat'>20</span> <span class='ocrx_word' id='word_1_151' title='bbox 62 2481 153 2538; x_wconf 91' lang='lat' dir='ltr'>quam</span> <span class='ocrx_word' id='word_1_152' title='bbox 175 2470 252 2519; x_wconf 88' lang='lat' dir='ltr'>terra</span> <span class='ocrx_word' id='word_1_153' title='bbox 271 2461 411 2532; x_wconf 87' lang='lat' dir='ltr'>universa,</span> <span class='ocrx_word' id='word_1_154' title='bbox 427 2460 535 2520; x_wconf 91' lang='lat' dir='ltr'>deinde</span> <span class='ocrx_word' id='word_1_155' title='bbox 556 2461 666 2536; x_wconf 88' lang='lat' dir='ltr'>reliqua</span> <span class='ocrx_word' id='word_1_156' title='bbox 690 2460 785 2518; x_wconf 89' lang='lat' dir='ltr'>sidera</span> <span class='ocrx_word' id='word_1_157' title='bbox 809 2461 1055 2536; x_wconf 85' lang='lat' dir='ltr'>magnitudinibus</span> <span class='ocrx_word' id='word_1_158' title='bbox 1077 2462 1119 2518; x_wconf 92' lang='lat' dir='ltr'>in-</span> 
     </span>
     <span class='ocr_line' id='line_1_22' title="bbox 62 2557 1120 2634; baseline -0.003 -16"><span class='ocrx_word' id='word_1_159' title='bbox 62 2560 183 2618; x_wconf 90' lang='lat' dir='ltr'>mensis.</span> <span class='ocrx_word' id='word_1_160' title='bbox 226 2561 322 2634; x_wconf 87' lang='lat' dir='ltr'>Atque</span> <span class='ocrx_word' id='word_1_161' title='bbox 344 2559 374 2616; x_wconf 93' lang='lat' dir='ltr'>hi</span> <span class='ocrx_word' id='word_1_162' title='bbox 395 2559 469 2616; x_wconf 89' lang='lat' dir='ltr'>tanti</span> <span class='ocrx_word' id='word_1_163' title='bbox 492 2559 574 2634; x_wconf 85' lang='lat' dir='ltr'>ignes</span> <span class='ocrx_word' id='word_1_164' title='bbox 597 2567 715 2633; x_wconf 87' lang='lat' dir='ltr'>tamque</span> <span class='ocrx_word' id='word_1_165' title='bbox 739 2558 821 2615; x_wconf 91' lang='lat' dir='ltr'>multi</span> <span class='ocrx_word' id='word_1_166' title='bbox 848 2576 909 2615; x_wconf 93' lang='lat' dir='ltr'>non</span> <span class='ocrx_word' id='word_1_167' title='bbox 934 2557 1025 2616; x_wconf 93' lang='lat' dir='ltr'>modo</span> <span class='ocrx_word' id='word_1_168' title='bbox 1049 2559 1120 2616; x_wconf 91' lang='lat' dir='ltr'>nihil</span> 
     </span>
     <span class='ocr_line' id='line_1_23' title="bbox 60 2654 1121 2730; baseline -0.002 -15"><span class='ocrx_word' id='word_1_169' title='bbox 60 2665 174 2715; x_wconf 87' lang='lat' dir='ltr'>nocent</span> <span class='ocrx_word' id='word_1_170' title='bbox 188 2657 270 2714; x_wconf 89' lang='lat' dir='ltr'>terris</span> <span class='ocrx_word' id='word_1_171' title='bbox 284 2656 428 2730; x_wconf 91' lang='lat' dir='ltr'>rebusque</span> <span class='ocrx_word' id='word_1_172' title='bbox 450 2655 639 2727; x_wconf 83' lang='lat' dir='ltr'>terrestribus,</span> <span class='ocrx_word' id='word_1_173' title='bbox 655 2654 708 2712; x_wconf 93' lang='lat' dir='ltr'>sed</span> <span class='ocrx_word' id='word_1_174' title='bbox 731 2655 771 2713; x_wconf 89' lang='lat' dir='ltr'>ita</span> <span class='ocrx_word' id='word_1_175' title='bbox 793 2664 922 2730; x_wconf 89' lang='lat' dir='ltr'>prosunt,</span> <span class='ocrx_word' id='word_1_176' title='bbox 938 2665 978 2726; x_wconf 89' lang='lat' dir='ltr'>ut,</span> <span class='ocrx_word' id='word_1_177' title='bbox 994 2656 1018 2712; x_wconf 91' lang='lat' dir='ltr'>si</span> <span class='ocrx_word' id='word_1_178' title='bbox 1040 2666 1121 2713; x_wconf 90' lang='lat' dir='ltr'>mota</span> 
     </span>
     <span class='ocr_line' id='line_1_24' title="bbox 61 2751 1118 2828; baseline -0.001 -17"><span class='ocrx_word' id='word_1_179' title='bbox 61 2755 130 2812; x_wconf 92' lang='lat' dir='ltr'>loco</span> <span class='ocrx_word' id='word_1_180' title='bbox 145 2754 214 2825; x_wconf 89' lang='lat' dir='ltr'>sint,</span> <span class='ocrx_word' id='word_1_181' title='bbox 230 2753 406 2828; x_wconf 82' lang='lat' dir='ltr'>conflagrare</span> <span class='ocrx_word' id='word_1_182' title='bbox 421 2761 510 2810; x_wconf 89' lang='lat' dir='ltr'>terras</span> <span class='ocrx_word' id='word_1_183' title='bbox 526 2770 654 2810; x_wconf 86' lang='lat' dir='ltr'>necesse</span> <span class='ocrx_word' id='word_1_184' title='bbox 676 2753 711 2810; x_wconf 92' lang='lat' dir='ltr'>sit</span> <span class='ocrx_word' id='word_1_185' title='bbox 735 2771 752 2809; x_wconf 92' lang='lat' dir='ltr'>a</span> <span class='ocrx_word' id='word_1_186' title='bbox 774 2753 860 2810; x_wconf 91' lang='lat' dir='ltr'>tantis</span> <span class='ocrx_word' id='word_1_187' title='bbox 883 2751 1033 2810; x_wconf 88' lang='lat' dir='ltr'>ardoribus</span> <span class='ocrx_word' id='word_1_188' title='bbox 1056 2771 1118 2811; x_wconf 94' lang='lat' dir='ltr'>mo-</span> 
     </span>
     <span class='ocr_line' id='line_1_25' title="bbox 62 2850 622 2926; baseline -0.005 -16"><span class='ocrx_word' id='word_1_189' title='bbox 62 2851 217 2910; x_wconf 90' lang='lat' dir='ltr'>deratione</span> <span class='ocrx_word' id='word_1_190' title='bbox 232 2859 262 2908; x_wconf 90' lang='lat' dir='ltr'>et</span> <span class='ocrx_word' id='word_1_191' title='bbox 276 2850 488 2926; x_wconf 87' lang='lat' dir='ltr'>temperatione</span> <span class='ocrx_word' id='word_1_192' title='bbox 503 2850 622 2908; x_wconf 86' lang='lat' dir='ltr'>sublata.</span> 
     </span>
    </p>

    <p class='ocr_par' dir='ltr' id='par_1_8' title="bbox 23 2928 1161 3419">
     <span class='ocr_line' id='line_1_26' title="bbox 23 2928 1161 3035; baseline 0.001 -32"><span class='ocrx_word' id='word_1_193' title='bbox 23 2975 48 3013; x_wconf 78' lang='lat'>25</span> <span class='ocrx_word' id='word_1_194' title='bbox 103 2950 166 3007; x_wconf 93' lang='lat' dir='ltr'>Hic</span> <span class='ocrx_word' id='word_1_195' title='bbox 182 2966 239 3023; x_wconf 88' lang='lat' dir='ltr'>ego</span> <span class='ocrx_word' id='word_1_196' title='bbox 252 2965 313 3005; x_wconf 93' lang='lat' dir='ltr'>non</span> <span class='ocrx_word' id='word_1_197' title='bbox 329 2948 415 3005; x_wconf 91' lang='lat' dir='ltr'>mirer</span> <span class='ocrx_word' id='word_1_198' title='bbox 429 2965 492 3004; x_wconf 92' lang='lat' dir='ltr'>esse</span> <span class='ocrx_word' id='word_1_199' title='bbox 507 2965 695 3022; x_wconf 90' lang='lat' dir='ltr'>quemquam,</span> <span class='ocrx_word' id='word_1_200' title='bbox 711 2946 761 3022; x_wconf 92' lang='lat' dir='ltr'>qui</span> <span class='ocrx_word' id='word_1_201' title='bbox 782 2947 836 3005; x_wconf 91' lang='lat' dir='ltr'>sibi</span> <span class='ocrx_word' id='word_1_202' title='bbox 857 2945 1032 3021; x_wconf 91' lang='lat' dir='ltr'>persuadeat</span> <span class='ocrx_word' id='word_1_203' title='bbox 1055 2965 1116 3004; x_wconf 92' lang='lat' dir='ltr'>cor·</span> <span class='ocrx_word' id='word_1_204' title='bbox 1126 2928 1161 3035; x_wconf 61' lang='lat'>²⁹3}</span> 
     </span>
     <span class='ocr_line' id='line_1_27' title="bbox 61 3042 1119 3122; baseline -0.005 -17"><span class='ocrx_word' id='word_1_205' title='bbox 61 3065 135 3122; x_wconf 90' lang='lat' dir='ltr'>pora</span> <span class='ocrx_word' id='word_1_206' title='bbox 148 3044 296 3122; x_wconf 87' lang='lat' dir='ltr'>quaedam</span> <span class='ocrx_word' id='word_1_207' title='bbox 311 3044 403 3103; x_wconf 87' lang='lat' dir='ltr'>solida</span> <span class='ocrx_word' id='word_1_208' title='bbox 416 3053 504 3119; x_wconf 88' lang='lat' dir='ltr'>atque</span> <span class='ocrx_word' id='word_1_209' title='bbox 519 3042 670 3101; x_wconf 86' lang='lat' dir='ltr'>individua</span> <span class='ocrx_word' id='word_1_210' title='bbox 686 3044 715 3101; x_wconf 92' lang='lat' dir='ltr'>vi</span> <span class='ocrx_word' id='word_1_211' title='bbox 736 3053 776 3112; x_wconf 59' lang='lat' dir='ltr'>et,</span> <span class='ocrx_word' id='word_1_212' title='bbox 786 3045 923 3119; x_wconf 87' lang='lat' dir='ltr'>gravitate</span> <span class='ocrx_word' id='word_1_213' title='bbox 945 3045 1019 3115; x_wconf 83' lang='lat' dir='ltr'>ferri,</span> <span class='ocrx_word' id='word_1_214' title='bbox 1036 3063 1119 3101; x_wconf 92' lang='lat' dir='ltr'>mun-</span> 
     </span>
     <span class='ocr_line' id='line_1_28' title="bbox 62 3141 1119 3218; baseline -0.004 -16"><span class='ocrx_word' id='word_1_215' title='bbox 62 3143 195 3218; x_wconf 91' lang='lat' dir='ltr'>dumque</span> <span class='ocrx_word' id='word_1_216' title='bbox 210 3143 288 3200; x_wconf 86' lang='lat' dir='ltr'>effici</span> <span class='ocrx_word' id='word_1_217' title='bbox 308 3142 524 3200; x_wconf 87' lang='lat' dir='ltr'>ornatissimum</span> <span class='ocrx_word' id='word_1_218' title='bbox 539 3151 568 3198; x_wconf 89' lang='lat' dir='ltr'>et</span> <span class='ocrx_word' id='word_1_219' title='bbox 582 3141 811 3216; x_wconf 89' lang='lat' dir='ltr'>pulcherrimum</span> <span class='ocrx_word' id='word_1_220' title='bbox 833 3160 869 3198; x_wconf 90' lang='lat' dir='ltr'>ex</span> <span class='ocrx_word' id='word_1_221' title='bbox 891 3159 992 3199; x_wconf 91' lang='lat' dir='ltr'>eorum</span> <span class='ocrx_word' id='word_1_222' title='bbox 1014 3160 1119 3217; x_wconf 91' lang='lat' dir='ltr'>corpo-</span> 
     </span>
     <span class='ocr_line' id='line_1_29' title="bbox 60 3238 1119 3313; baseline -0.004 -14"><span class='ocrx_word' id='word_1_223' title='bbox 60 3260 125 3299; x_wconf 90' lang='lat' dir='ltr'>rum</span> <span class='ocrx_word' id='word_1_224' title='bbox 141 3240 336 3298; x_wconf 89' lang='lat' dir='ltr'>concursione</span> <span class='ocrx_word' id='word_1_225' title='bbox 350 3239 488 3296; x_wconf 85' lang='lat' dir='ltr'>fortuita?</span> <span class='ocrx_word' id='word_1_226' title='bbox 530 3239 600 3296; x_wconf 91' lang='lat' dir='ltr'>Hoc</span> <span class='ocrx_word' id='word_1_227' title='bbox 612 3239 662 3313; x_wconf 91' lang='lat' dir='ltr'>qui</span> <span class='ocrx_word' id='word_1_228' title='bbox 677 3238 820 3295; x_wconf 84' lang='lat' dir='ltr'>existimat</span> <span class='ocrx_word' id='word_1_229' title='bbox 834 3239 896 3296; x_wconf 86' lang='lat' dir='ltr'>fieri</span> <span class='ocrx_word' id='word_1_230' title='bbox 910 3240 1049 3313; x_wconf 89' lang='lat' dir='ltr'>potuisse,</span> <span class='ocrx_word' id='word_1_231' title='bbox 1059 3257 1119 3296; x_wconf 91' lang='lat' dir='ltr'>non</span> 
     </span>
     <span class='ocr_line' id='line_1_30' title="bbox 61 3335 1120 3419; baseline -0.003 -23"><span class='ocrx_word' id='word_1_232' title='bbox 61 3338 209 3413; x_wconf 88' lang='lat' dir='ltr'>intelleg0,</span> <span class='ocrx_word' id='word_1_233' title='bbox 224 3355 277 3395; x_wconf 91' lang='lat' dir='ltr'>cur</span> <span class='ocrx_word' id='word_1_234' title='bbox 290 3354 351 3395; x_wconf 92' lang='lat' dir='ltr'>non</span> <span class='ocrx_word' id='word_1_235' title='bbox 371 3335 451 3394; x_wconf 92' lang='lat' dir='ltr'>idem</span> <span class='ocrx_word' id='word_1_236' title='bbox 465 3344 556 3410; x_wconf 91' lang='lat' dir='ltr'>putet,</span> <span class='ocrx_word' id='word_1_237' title='bbox 572 3336 595 3392; x_wconf 90' lang='lat' dir='ltr'>si</span> <span class='ocrx_word' id='word_1_238' title='bbox 616 3336 840 3419; x_wconf 86' lang='lat' dir='ltr'>innumerabiles</span> <span class='ocrx_word' id='word_1_239' title='bbox 861 3336 945 3394; x_wconf 91' lang='lat' dir='ltr'>unius</span> <span class='ocrx_word' id='word_1_240' title='bbox 969 3346 998 3393; x_wconf 92' lang='lat' dir='ltr'>et</span> <span class='ocrx_word' id='word_1_241' title='bbox 1020 3336 1120 3410; x_wconf 82' lang='lat' dir='ltr'>viginti</span> 
     </span>
    </p>

    <p class='ocr_par' dir='ltr' id='par_1_9' title="bbox 23 3433 1158 3801">
     <span class='ocr_line' id='line_1_31' title="bbox 23 3433 1119 3507; baseline -0.006 -11"><span class='ocrx_word' id='word_1_242' title='bbox 23 3461 49 3497; x_wconf 79' lang='lat'>30</span> <span class='ocrx_word' id='word_1_243' title='bbox 61 3437 173 3494; x_wconf 87' lang='lat' dir='ltr'>formae</span> <span class='ocrx_word' id='word_1_244' title='bbox 196 3434 354 3492; x_wconf 89' lang='lat' dir='ltr'>litterarum</span> <span class='ocrx_word' id='word_1_245' title='bbox 375 3434 422 3491; x_wconf 92' lang='lat' dir='ltr'>vel</span> <span class='ocrx_word' id='word_1_246' title='bbox 444 3451 548 3490; x_wconf 88' lang='lat' dir='ltr'>aureae</span> <span class='ocrx_word' id='word_1_247' title='bbox 569 3433 615 3491; x_wconf 89' lang='lat' dir='ltr'>vel</span> <span class='ocrx_word' id='word_1_248' title='bbox 638 3433 809 3506; x_wconf 86' lang='lat' dir='ltr'>qualeslibet</span> <span class='ocrx_word' id='word_1_249' title='bbox 831 3434 928 3507; x_wconf 90' lang='lat' dir='ltr'>aliquo</span> <span class='ocrx_word' id='word_1_250' title='bbox 951 3434 1119 3503; x_wconf 86' lang='lat' dir='ltr'>coiciantur,</span> 
     </span>
     <span class='ocr_line' id='line_1_32' title="bbox 60 3529 1120 3609; baseline -0.005 -18"><span class='ocrx_word' id='word_1_251' title='bbox 60 3551 149 3609; x_wconf 90' lang='lat' dir='ltr'>posse</span> <span class='ocrx_word' id='word_1_252' title='bbox 165 3532 251 3590; x_wconf 87' lang='lat' dir='ltr'>exiis</span> <span class='ocrx_word' id='word_1_253' title='bbox 269 3531 419 3589; x_wconf 88' lang='lat' dir='ltr'>interram</span> <span class='ocrx_word' id='word_1_254' title='bbox 441 3530 570 3588; x_wconf 91' lang='lat' dir='ltr'>excussis</span> <span class='ocrx_word' id='word_1_255' title='bbox 593 3531 711 3587; x_wconf 89' lang='lat' dir='ltr'>annales</span> <span class='ocrx_word' id='word_1_256' title='bbox 735 3530 831 3600; x_wconf 90' lang='lat' dir='ltr'>Ennii,</span> <span class='ocrx_word' id='word_1_257' title='bbox 847 3539 879 3587; x_wconf 92' lang='lat' dir='ltr'>ut</span> <span class='ocrx_word' id='word_1_258' title='bbox 901 3529 1041 3604; x_wconf 90' lang='lat' dir='ltr'>deinceps</span> <span class='ocrx_word' id='word_1_259' title='bbox 1065 3529 1120 3604; x_wconf 86' lang='lat' dir='ltr'>legi</span> 
     </span>
     <span class='ocr_line' id='line_1_33' title="bbox 61 3626 1120 3706; baseline -0.004 -19"><span class='ocrx_word' id='word_1_260' title='bbox 61 3630 183 3706; x_wconf 90' lang='lat' dir='ltr'>possint,</span> <span class='ocrx_word' id='word_1_261' title='bbox 199 3628 296 3701; x_wconf 88' lang='lat' dir='ltr'>effici;</span> <span class='ocrx_word' id='word_1_262' title='bbox 319 3628 400 3704; x_wconf 93' lang='lat' dir='ltr'>quod</span> <span class='ocrx_word' id='word_1_263' title='bbox 412 3629 513 3686; x_wconf 90' lang='lat' dir='ltr'>nescio</span> <span class='ocrx_word' id='word_1_264' title='bbox 529 3646 566 3685; x_wconf 91' lang='lat' dir='ltr'>an</span> <span class='ocrx_word' id='word_1_265' title='bbox 587 3646 624 3685; x_wconf 92' lang='lat' dir='ltr'>ne</span> <span class='ocrx_word' id='word_1_266' title='bbox 648 3629 678 3685; x_wconf 94' lang='lat' dir='ltr'>in</span> <span class='ocrx_word' id='word_1_267' title='bbox 699 3646 759 3684; x_wconf 92' lang='lat' dir='ltr'>uno</span> <span class='ocrx_word' id='word_1_268' title='bbox 781 3626 901 3702; x_wconf 86' lang='lat' dir='ltr'>quidem</span> <span class='ocrx_word' id='word_1_269' title='bbox 922 3646 1006 3683; x_wconf 90' lang='lat' dir='ltr'>versu</span> <span class='ocrx_word' id='word_1_270' title='bbox 1029 3626 1120 3700; x_wconf 91' lang='lat' dir='ltr'>possit</span> 
     </span>
     <span class='ocr_line' id='line_1_34' title="bbox 60 3722 1158 3801; baseline -0.007 -15"><span class='ocrx_word' id='word_1_271' title='bbox 60 3736 176 3786; x_wconf 85' lang='lat' dir='ltr'>tantum</span> <span class='ocrx_word' id='word_1_272' title='bbox 190 3725 287 3784; x_wconf 89' lang='lat' dir='ltr'>valere</span> <span class='ocrx_word' id='word_1_273' title='bbox 302 3726 426 3785; x_wconf 86' lang='lat' dir='ltr'>fortuna.</span> <span class='ocrx_word' id='word_1_274' title='bbox 469 3725 521 3785; x_wconf 89' lang='lat' dir='ltr'>Isti</span> <span class='ocrx_word' id='word_1_275' title='bbox 535 3735 632 3785; x_wconf 90' lang='lat' dir='ltr'>autem</span> <span class='ocrx_word' id='word_1_276' title='bbox 648 3723 791 3801; x_wconf 93' lang='lat' dir='ltr'>quemad</span> <span class='ocrx_word' id='word_1_277' title='bbox 811 3722 934 3781; x_wconf 90' lang='lat' dir='ltr'>modum</span> <span class='ocrx_word' id='word_1_278' title='bbox 949 3722 1120 3780; x_wconf 86' lang='lat' dir='ltr'>adseverant</span> <span class='ocrx_word' id='word_1_279' title='bbox 1133 3746 1158 3786; x_wconf 79' lang='lat'>94</span> 
     </span>
    </p>
   </div>
   <div class='ocr_carea' id='block_1_7' title="bbox 0 0 1233 4102">
    <p class='ocr_par' dir='ltr' id='par_1_10' title="bbox 0 0 1233 4102">
     <span class='ocr_line' id='line_1_35' title="bbox 0 0 1233 4102; baseline 0 0"><span class='ocrx_word' id='word_1_280' title='bbox 0 0 1233 4102; x_wconf 95' lang='lat' dir='ltr'> </span> 
     </span>
    </p>
   </div>
  </div>
 </body>
</html>
