2446 4102
129 234 188 296 118
453 245 502 295 ns
523 244 670 296 NATURA
692 242 853 295 pronun.

124 402 221 477 figuris
236 401 427 458 animantium
441 409 471 458 et
485 418 576 474 quam
589 399 689 458 sollers
704 398 872 474 subtilisque
888 399 1039 476 discriptio
1054 402 1177 477 partium

124 517 272 574 quamque
294 497 469 556 admirabilis
490 498 600 556 fabrica
621 497 828 555 membrorum.
871 498 981 556 Omnia
999 500 1088 571 enim,
1102 518 1176 573 quae

124 597 244 671 quidem
271 597 346 653 intus
371 596 483 653 inclusa
507 604 582 666 sunt,
606 596 647 652 ita
670 605 740 651 nata
764 603 851 668 atque
876 594 917 651 ita
939 595 1036 653 locata
1057 606 1132 667 sunt,
1146 607 1178 654 ut

124 694 194 751 nihil
209 711 309 750 eorum
325 710 575 767 supervacaneum
596 692 641 762 sit,
657 691 729 749 nihil
750 690 789 748 ad
803 692 892 749 vitam
912 693 1098 751 retinendam
1118 712 1179 751 non

80 805 116 845 122
125 791 328 848 necessarium.
373 789 464 847 Dedit
482 799 580 847 autern
602 788 709 847 eadem
729 798 833 846 natura
852 788 945 847 beluis
963 799 993 847 et
1011 808 1130 848 sensum
1151 801 1180 848 et
1198 812 1210 850 s

124 889 295 962 appetitum,
311 896 342 944 ut
357 888 447 945 altero
463 896 602 944 conatum
621 885 763 944 haberent
784 885 822 944 ad
843 886 988 945 naturales
1010 897 1110 963 pastus
1131 907 1179 946 ca-

124 985 295 1060 pessendos,
311 985 400 1042 altero
422 993 609 1043 secernerent
627 984 765 1059 pestifera
779 1002 796 1041 a
809 983 989 1042 salutaribus.
1032 986 1097 1043 Iam
1111 1004 1180 1044 vero

124 1084 179 1140 alia
193 1084 328 1140 animalia
341 1082 513 1158 gradiendo,
529 1082 585 1140 alia
599 1081 746 1157 serpendo
761 1081 800 1139 ad
817 1091 933 1156 pastum
953 1082 1111 1154 accedunt,
1126 1085 1181 1141 alia

122 1181 259 1252 volando,
283 1182 339 1237 alia
363 1180 471 1251 nando,
494 1181 653 1254 cibumque
676 1181 782 1255 partim
804 1181 861 1238 oris
884 1180 964 1238 hiatu
989 1190 1020 1239 et
1042 1180 1181 1240 dentibus

124 1279 192 1353 ipsis
221 1287 386 1353 capessunt,
412 1278 518 1352 partim
546 1277 687 1352 unguium
715 1278 871 1334 tenacitate
900 1278 1049 1352 arripiunt,
1075 1280 1182 1354 partim
1196 1303 1219 1329 10

124 1376 291 1434 aduncitate
326 1385 493 1441 rostrorum,
518 1375 573 1431 alia
607 1383 721 1449 sugunt,
749 1375 805 1432 alia
829 1385 961 1450 carpunt,
987 1375 1044 1432 alia
1067 1386 1180 1449 vorant,

124 1475 180 1531 alia
193 1473 335 1531 mandunt
347 1494 354 1545 ;
377 1484 464 1547 atque
481 1473 568 1529 etiam
590 1473 712 1529 aliorum
734 1491 769 1530 ea
791 1483 835 1530 est
856 1473 1011 1545 humilitas
1027 1482 1059 1531 ut
1081 1475 1181 1532 cibum

80 1581 287 1630 interrestrem
301 1571 398 1627 rostris
414 1570 497 1626 facile
513 1570 702 1644 contingant3
726 1588 802 1643 quae
818 1580 915 1627 autem
932 1571 1035 1628 altiora
1056 1582 1132 1642 sunt,
1149 1582 1181 1630 ut

124 1687 249 1739 anseres
271 1679 302 1726 ut
324 1668 420 1743 cygni,
443 1677 475 1724 ut
496 1685 590 1741 grues
615 1678 646 1723 ut
669 1667 782 1738 cameli,
809 1667 982 1725 adiuvantur
1003 1670 1181 1743 proceritate

125 1768 265 1825 collorum
278 1786 284 1835 ;
307 1784 409 1823 manus
425 1766 513 1822 etiam
528 1764 597 1821 data
611 1764 767 1839 elephanto
783 1774 835 1836 est,
851 1765 919 1839 quia
932 1775 1054 1840 propter
1067 1769 1179 1842 magni·
1195 1793 1217 1830 15

81 1865 258 1922 latudinem
274 1864 403 1937 corporis
418 1863 552 1920 difficiles
566 1861 661 1919 aditus
680 1863 806 1919 habehat
827 1860 865 1919 ad
886 1871 1013 1936 pastum.
1056 1866 1096 1921 At
1117 1866 1180 1938 qni-

125 1963 178 2019 bus
199 1961 298 2018 bestiis
320 1969 379 2016 erat
401 1961 424 2016 is
446 1960 538 2030 cibus,
554 1968 586 2016 ut
607 1958 669 2016 aliis
695 1957 841 2036 [generis]
866 1959 966 2017 bestiis
980 1971 1180 2034 vescerentur,

125 2068 174 2116 aut
197 2060 271 2115 vires
296 2069 399 2115 natura
423 2057 505 2115 dedit
530 2067 580 2114 aut
604 2057 791 2115 celeritatem.
835 2059 913 2115 Data
934 2067 979 2115 est
1002 2059 1181 2133 quibusdam

126 2158 212 2214 etiam
227 2155 404 2213 machinatio
419 2155 566 2230 quaedam
580 2165 668 2229 atque
688 2154 820 2225 sollertia,
837 2164 869 2212 ut
890 2155 919 2211 in
941 2158 1085 2214 araneolis
1107 2157 1181 2216 aliae

125 2254 208 2328 quasi
228 2263 289 2311 rete
311 2263 420 2323 texunt,
437 2262 477 2324 ut,
493 2253 514 2310 si
538 2251 609 2327 qnid
630 2252 793 2323 inhaeserit,
810 2253 976 2323 conficiant,
992 2254 1065 2311 aliae
1080 2266 1180 2313 autem
1194 2279 1219 2304 20

126 2370 162 2408 ex
177 2352 326 2426 inopinato
342 2351 496 2408 observant
514 2362 550 2421 et,
567 2351 590 2407 si
612 2349 684 2423 quid
706 2349 817 2419 incidit,
832 2350 972 2424 arripiunt
992 2349 1085 2425 idque
1107 2371 1180 2411 con·

126 2458 252 2507 sumunt.
296 2450 367 2506 Pina
381 2467 449 2505 vero
471 2448 527 2523 (sic
549 2448 627 2504 enim
650 2448 764 2505 Graece
787 2445 906 2520 dicitur)
927 2446 1042 2505 duabus
1064 2449 1180 2523 grandi-

126 2545 180 2603 bus
205 2546 303 2620 patnla
327 2546 449 2602 conchis
475 2564 542 2602 cum
568 2563 656 2618 parva
685 2545 788 2618 squilla
815 2545 897 2618 quasi
922 2545 1095 2604 societatem
1121 2550 1180 2606 coit

126 2642 316 2717 comparandi
332 2642 398 2712 cibi,
414 2643 520 2715 itaque,
537 2661 604 2699 curn
624 2643 755 2716 pisciculi
776 2643 855 2717 parvi
876 2644 906 2699 in
927 2644 1075 2702 concham
1098 2646 1179 2704 hian-

127 2750 186 2797 tem
201 2741 410 2809 innataverunt,
425 2749 488 2796 tum
503 2738 653 2796 admonita
668 2741 787 2814 squillae
804 2759 901 2797 morsu
919 2745 989 2815 pina
1011 2745 1180 2818 comprimit
1193 2762 1216 2799 ²⁵

126 2837 264 2894 conchas
300 2837 346 2893 Sic
362 2835 557 2893 dissimillimis
571 2836 699 2894 bestiolis
714 2837 911 2894 communiter
925 2838 1007 2896 cibus
1022 2842 1178 2912 quaeritur.

84 2954 119 2994 124
128 2935 163 2991 In
185 2952 244 3008 quo
269 2932 471 2989 admirandum
495 2943 547 3005 est,
568 2952 764 3008 congressune
788 2935 885 3008 aliquo
908 2935 983 2991 inter
1006 2954 1037 2992 se
1060 2956 1098 2993 an
1121 2938 1179 2996 iam

126 3032 194 3090 inde
211 3033 247 3089 ab
262 3043 325 3088 ortu
341 3042 442 3088 natura
456 3033 519 3106 ipsa
533 3043 726 3107 congregatae
742 3034 807 3090 sint.
852 3034 904 3091 Est
919 3035 1007 3092 etiam
1024 3035 1179 3095 admiratio

125 3147 186 3186 non
198 3130 275 3186 nulla
286 3130 314 3186 in
329 3129 427 3186 hestiis
439 3130 610 3203 aquatilibus
626 3131 668 3200 iis,
681 3148 756 3204 quae
771 3131 927 3205 gignuntur
937 3131 968 3187 in
979 3141 1055 3189 terra
1066 3152 1072 3202 ;
1090 3135 1180 3193 veluti

127 3227 267 3283 crocodili
288 3226 494 3300 fluviatilesque
516 3227 676 3285 testudines
698 3228 902 3302 quaedamque
924 3239 1074 3304 serpentes
1097 3242 1179 3290 ortae
1193 3247 1217 3283 ³0

127 3334 207 3382 extra
227 3343 342 3398 aquam,
358 3323 442 3379 simul
463 3342 497 3380 ac
518 3325 643 3398 primum
665 3326 716 3382 niti
732 3335 862 3399 possunt,
878 3344 983 3400 aquarn
999 3345 1180 3402 persequun-

126 3430 180 3480 tur.
226 3422 306 3495 Quin
334 3421 422 3477 etiam
450 3420 560 3477 anitum
589 3440 644 3479 ova
671 3423 781 3497 gallinis
806 3441 894 3498 saepe
920 3425 1133 3498 supponimus;
1162 3445 1179 3485 e

127 3520 231 3594 quibus
252 3519 322 3594 pulli
344 3518 398 3575 orti
419 3517 513 3590 primo
535 3518 648 3576 aluntur
669 3520 706 3576 ab
728 3521 760 3576 iis
782 3531 814 3577 ut
835 3539 852 3577 a
873 3522 1020 3593 matribus,
1036 3541 1054 3579 a
1073 3524 1180 3597 quibus

128 3617 237 3675 exclusi
264 3616 374 3690 lotique
402 3623 477 3684 sunt,
503 3612 611 3670 deinde
638 3634 686 3672 eas
714 3616 879 3689 relinquunt
907 3628 936 3675 et
965 3618 1106 3693 effugiunt
1134 3640 1180 3679 se-

126 3724 258 3790 quentes,
280 3732 349 3771 cum
373 3711 498 3788 primunr
523 3728 628 3786 aquam
650 3712 731 3786 quasi
752 3714 913 3773 naturalem
934 3714 1057 3774 domum
1078 3718 1179 3778 videre
1194 3729 1219 3769 ³⁵
