2446 4102
104 260 145 326 50
429 260 478 308 on
499 260 645 310 Narona
668 261 830 311 osonum.

101 414 282 474 deliberandi
303 414 357 474 sibi
378 433 469 472 unum
484 413 563 472 diem
583 416 738 489 postulavit
748 436 757 489 ς
779 435 848 475 cum
869 417 949 476 idem
971 436 1065 478 exeo
1086 438 1155 497 pos·

101 514 185 572 tridie
201 523 360 588 quaereret,
375 512 497 570 biduum
512 513 631 587 petivit,
654 532 721 570 curn
743 516 858 590 saepius
874 515 1037 590 duplicaret
1051 537 1154 577 nurne-

100 632 165 670 rum
193 612 305 669 dierum
335 609 538 684 admiransque
568 611 661 667 Hiero
690 612 856 685 requireret,
882 631 934 671 cur
968 615 1008 672 ita
1035 616 1154 689 faceret,

102 710 235 784 ‘Quia,
261 717 411 782 quanto
440 706 595 765 diutius
621 708 868 781 considero’,
895 711 998 785 inquit,
1021 716 1155 773 ‘tanto

100 807 195 865 mihi
229 824 291 863 res
321 803 483 862 videtur
517 804 756 864 obscurior'.
799 805 858 865 Sed
883 808 1056 867 Simoniden
1079 813 1186 873 arbi-s

99 915 159 962 tror
178 906 252 980 (non
268 904 346 961 enim
360 902 449 976 poeta
463 903 557 960 solum
578 902 681 974 suavis,
696 920 796 960 verum
811 905 899 962 etiam
915 909 1066 982 ceteroqui
1081 908 1154 968 doc-

100 1011 145 1060 tus
160 1003 333 1076 sapiensque
354 997 503 1073 traditur),
518 999 586 1073 quia
607 1000 697 1057 multa
710 1001 841 1059 venirent
862 1002 892 1059 in
914 1013 1044 1062 mentem
1067 1017 1155 1064 acuta

100 1110 187 1174 atque
210 1099 333 1170 subtilia,
355 1095 548 1169 dubitantem,
571 1096 643 1171 quid
665 1115 766 1155 eorum
789 1106 866 1156 esset
886 1101 1078 1175 verissimum,
1101 1104 1153 1162 de·

61 1211 85 1251 ol
99 1215 230 1271 sperasse
245 1214 364 1254 ornnem
378 1195 536 1253 veritatem.
580 1195 723 1269 Epicurus
737 1213 806 1253 vero
828 1205 894 1254 tuus
914 1196 998 1273 (nam
1019 1218 1089 1258 cum
1104 1201 1153 1261 illo

99 1295 176 1352 malo
197 1294 337 1352 disserere
359 1311 448 1368 quam
469 1290 583 1366 tecum)
603 1290 674 1366 quid
692 1291 772 1364 dicit,
787 1293 869 1368 quod
890 1312 950 1352 non
972 1296 1065 1354 modo
1087 1300 1152 1374 phi·
1168 1323 1191 1352 ιο

98 1392 231 1466 losophia
246 1391 366 1466 dignum
382 1399 467 1461 esset,
482 1388 535 1447 sed
550 1388 692 1447 mediocri
706 1390 882 1464 prudentia?

140 1490 294 1563 Quaeritur
313 1489 440 1563 primum
461 1488 491 1544 in
512 1504 548 1545 ea
561 1487 742 1562 quaestione,
757 1505 832 1562 quae
847 1497 891 1546 est
906 1488 944 1548 de
958 1499 1063 1550 natura
1079 1492 1153 1552 deo·

97 1607 171 1658 rum,
186 1588 280 1644 sintne
302 1585 333 1643 di
353 1603 448 1642 necne
470 1585 534 1642 sint.
578 1583 705 1641 Difficile
727 1594 771 1642 est
791 1603 907 1662 negare.
950 1588 1060 1661 Cred0,
1076 1591 1100 1649 si
1121 1592 1152 1651 in

97 1687 236 1743 contione
258 1691 421 1759 quaeratur,
446 1681 500 1739 sed
520 1682 550 1738 in
576 1680 661 1738 huius
687 1680 770 1739 modi
799 1700 934 1742 sermone
957 1694 987 1743 et
1009 1705 1152 1748 consessu

97 1783 276 1841 facillimum.
331 1782 435 1854 Itaque
464 1797 519 1854 ego
547 1779 610 1853 ipse
635 1779 776 1854 pontifex,
801 1781 851 1855 qui
879 1783 1073 1844 caerimonias
1105 1805 1151 1846 re·
1165 1812 1188 1853 ις

96 1883 277 1956 ligionesque
294 1878 425 1953 publicas
447 1876 627 1934 sanctissime
648 1875 773 1934 tuendas
794 1877 924 1950 arbitror,
939 1879 963 1937 is
984 1880 1052 1953 hoc,
1068 1884 1152 1959 quod

96 1979 223 2054 primurn
237 1985 289 2047 est,
305 1992 368 2032 esse
382 1973 465 2045 deos,
480 1973 648 2048 persuaderi
662 1973 734 2031 mihi
748 1993 809 2032 non
824 1975 964 2050 opinione
979 1980 1085 2053 solum,
1096 1981 1152 2041 sed

96 2074 243 2133 etiamad
264 2074 414 2131 veritatem
435 2073 521 2146 plane
535 2072 630 2129 velim.
675 2072 770 2129 Multa
791 2073 870 2131 enim
891 2087 1059 2150 occurrunt,
1074 2096 1151 2154 quae

57 2186 82 2225 aa
96 2175 279 2243 conturbent,
301 2179 333 2228 ut
353 2169 499 2227 interdum
520 2169 590 2226 nulli
612 2187 675 2227 esse
690 2170 852 2231 videantur.
895 2173 953 2232 Sed
968 2175 1045 2249 vide,
1060 2195 1151 2253 quam

95 2281 194 2329 tecum
208 2288 293 2344 agam
307 2268 479 2339 liberaliter,
501 2285 576 2341 quae
592 2268 761 2326 communia
775 2279 842 2328 sunt
855 2271 939 2330 vobis
954 2291 1023 2331 cum
1044 2277 1150 2336 ceteris
1162 2304 1186 2333 ω

94 2368 284 2445 philosophis,
299 2384 359 2423 non
374 2366 523 2439 attingam,
539 2373 570 2421 ut
585 2365 642 2422 hoc
657 2365 752 2440 ipsum
764 2387 773 2439 3
795 2368 892 2442 placet
910 2370 991 2427 enim
1012 2373 1151 2433 omnibus

94 2469 152 2525 iere
167 2465 296 2539 mihique
310 2463 365 2538 ipsi
385 2464 415 2519 in
436 2463 535 2536 primis
550 2461 622 2520 deos
637 2481 710 2521 esse.
754 2465 859 2540 Itaque
879 2484 940 2524 non
961 2485 1063 2543 pugno
1073 2490 1083 2542 3
1103 2488 1149 2530 ra·

93 2565 204 2622 tionem
219 2573 318 2620 tamen
333 2578 408 2631 eam,
423 2577 498 2634 quae
513 2578 530 2616 a
551 2570 579 2616 te
601 2559 736 2633 adfertur,
751 2580 812 2620 non
833 2563 901 2637 satis
923 2563 1037 2623 firmam
1065 2576 1149 2642 puto.

50 2671 87 2725 23
95 2661 185 2735 Quod
210 2660 289 2717 enim
313 2659 445 2716 omnium
470 2658 601 2732 gentium
627 2677 827 2735 generumque
852 2661 1020 2722 hominibus
1045 2664 1086 2723 ita
1105 2666 1149 2725 vi-

93 2759 218 2829 deretur,
231 2756 262 2814 id
277 2757 344 2814 satis
359 2774 497 2830 magnum
513 2765 716 2831 argumentum
731 2775 795 2815 esse
810 2757 915 2830 dixisti,
928 2777 980 2817 cur
994 2777 1059 2820 esse
1074 2762 1149 2824 deos
1161 2794 1184 2834 ,ς

93 2857 306 2914 confiteremur.
350 2852 439 2926 Quod
462 2872 530 2910 cum
551 2854 613 2911 leve
635 2872 688 2930 per
708 2873 748 2927 se,
764 2864 827 2912 tum
851 2855 940 2914 etiam
963 2857 1069 2917 falsum
1092 2870 1148 2921 est.

93 2956 220 3012 Primum
236 2953 314 3009 enim
328 2950 408 3008 unde
423 2949 476 3009 tibi
489 2961 576 3010 notae
592 2961 658 3010 sunt
673 2953 826 3027 opiniones
840 2953 1014 3013 nationum?
1055 2957 1147 3035 Equi·

92 3054 162 3111 dem
177 3054 298 3110 arbitror
312 3052 415 3109 multas
431 3069 494 3108 esse
508 3060 610 3126 gentes
625 3052 666 3109 sic
681 3052 851 3111 inmanitate
866 3053 1007 3127 efferatas,
1019 3065 1052 3115 ut
1066 3058 1149 3134 apud

53 3171 79 3211 aa
92 3171 141 3209 eas
155 3151 234 3208 nulla
248 3150 375 3224 suspicio
390 3149 512 3207 deorum
528 3150 572 3207 sit.
616 3149 717 3222 Quid?
759 3151 909 3226 Diagoras,
925 3151 1004 3215 ἄθεος
1017 3155 1070 3229 qui
1083 3154 1147 3215 dic·

90 3260 136 3307 tus
160 3258 212 3321 est,
234 3257 394 3322 posteaque
418 3246 593 3305 Theodorus
616 3265 715 3305 nonne
741 3258 840 3322 aperte
865 3247 988 3307 deorum
1011 3260 1148 3313 naturam
1160 3284 1185 3324 φ

91 3347 287 3405 sustulerunt?
329 3346 406 3402 Nam
431 3343 585 3402 Abderites
611 3344 731 3419 quidem
757 3347 937 3421 Protagoras,
960 3348 1043 3407 cuius
1071 3369 1089 3409 a
1117 3360 1148 3411 te

91 3444 182 3503 modo
198 3444 307 3501 mentio
323 3444 400 3500 iacta
420 3452 472 3513 est,
488 3442 632 3516 sophistes
653 3443 832 3517 temporibus
854 3441 909 3501 illis
923 3445 969 3502 vel
990 3447 1146 3521 maximus

92 3561 159 3599 cum
175 3543 203 3599 in
218 3540 361 3615 principio
376 3540 439 3598 libri
455 3539 496 3597 sic
515 3539 677 3615 posuisset:
702 3541 774 3597 ‘De
802 3539 923 3612 divis,
945 3559 1076 3618 neque
1105 3554 1148 3606 ut

92 3641 172 3697 sint
196 3655 324 3712 neque
352 3646 392 3695 ut
419 3655 496 3695 non
521 3636 617 3709 sint,
641 3637 769 3696 habeo
794 3637 960 3711 dicere’,
984 3640 1147 3703 Athenien·

91 3737 166 3794 sium
190 3736 268 3795 iussu
289 3735 360 3794 urbe
381 3744 468 3813 atque
491 3752 559 3811 agro
582 3743 625 3795 est
650 3735 854 3794 exterminatus
879 3736 1000 3812 librique
1026 3738 1090 3799 eius
1114 3740 1183 3811 in„
