2446 4102
318 249 385 298 mu.
401 249 422 296 1.
455 247 516 296 cu».
536 249 754 298 xxvii-xxm.
789 249 818 312 §a
833 249 920 315 75-80·
1103 251 1118 317 5
1125 252 1140 317 5

88 405 163 463 ferre
179 423 283 463 censes
301 403 421 478 figuram
443 404 534 460 suae?
575 402 655 477 Quid
677 404 762 478 igitur
782 404 896 475 mirum,
912 404 935 461 si
956 403 1014 461 hoc
1036 405 1142 465 eodem

87 501 182 560 modo
196 502 309 559 homini
324 510 426 558 natura
439 500 632 574 praescripsit,
647 509 679 557 ut
693 500 762 557 nihil
778 500 923 574 pulchrius
938 519 1027 575 quarn
1049 503 1142 561 homi-

87 617 159 656 nem
181 595 326 675 putaret[‚
351 615 418 654 eam
441 613 504 655 esse
532 614 661 667 causam,
685 615 736 652 cur
763 596 836 655 deos
864 597 1016 657 hominum
1044 601 1142 660 similis

87 693 300 773 putaremus]?

56 816 68 854 s
131 792 212 866 Quid
226 792 351 850 censes?
371 791 394 849 si
409 791 482 849 ratio
499 800 575 849 esset
589 791 619 849 in
632 791 734 862 beluis,
749 810 810 849 non
824 811 877 850 suo
892 812 1022 870 quasque
1043 799 1142 871 generi
1156 807 1179 859 τε

87 890 247 966 plurimum
268 889 421 947 tributuras
441 889 550 946 fuisse?
589 890 627 945 At
648 888 814 947 mehercule
836 908 891 965 ego
918 891 1031 967 (dicam
1052 895 1184 965 enim,‘28

87 996 120 1045 ut
141 986 253 1064 sentio)
279 987 411 1062 quamvis
432 1003 531 1043 amem
554 986 616 1060 ipse
638 1003 696 1057 me,
721 995 819 1044 tamen
842 1006 902 1046 non
924 989 1020 1047 audeo
1043 989 1141 1047 dicere

86 1085 286 1160 pulchriorem
307 1102 371 1142 esse
393 1101 450 1155 me,
473 1101 560 1159 quam
582 1083 629 1141 ille
651 1084 735 1141 fuerit
757 1094 863 1157 taurus
879 1087 928 1160 qui
950 1088 1027 1144 vexit
1049 1089 1140 1145 Euro-

86 1200 168 1257 pam.
212 1183 283 1240 Non
300 1182 378 1240 enim
392 1181 450 1239 hoc
465 1182 532 1239 loeo
547 1181 586 1239 de
602 1181 724 1257 ingeniis
746 1193 795 1239 aut
816 1182 853 1240 de
876 1185 1052 1242 orationibus
1074 1203 1140 1243 nos·

48 1306 74 1333 10
86 1282 146 1353 tris
164 1280 219 1339 sed
240 1279 279 1338 de
301 1280 400 1355 specie
420 1279 570 1354 figuraque
592 1279 747 1354 quaeritur.
790 1280 904 1353 Quodsi
925 1281 1034 1355 lingere
1055 1283 1139 1340 nobis

87 1388 117 1437 et
131 1379 252 1454 iungere
266 1379 373 1436 formas
387 1377 518 1448 velimus
533 1377 625 1451 qualis
640 1377 686 1433 ille
701 1376 860 1434 maritimus
881 1379 983 1435 Triton
1004 1380 1139 1454 pingitur,

85 1477 255 1535 natantibus
269 1475 409 1533 invehens
424 1475 517 1533 beluis
531 1473 675 1532 adiunctis
690 1474 819 1532 humano
835 1476 959 1549 corpori,
975 1477 1048 1533 nolis
1066 1495 1138 1535 esse.

87 1574 209 1633 Difficili
233 1574 263 1632 in
279 1575 347 1631 loco
367 1591 474 1631 versor.
517 1574 570 1630 Est
591 1573 670 1630 enim
691 1573 732 1630 vis
755 1582 833 1629 tanta
854 1581 981 1644 naturae,
997 1585 1027 1631 ut
1050 1574 1138 1633 homo

85 1691 177 1731 nemo
191 1672 260 1730 velit
274 1672 329 1730 nisi
343 1671 470 1730 hominis
485 1671 584 1728 similis
599 1688 671 1729 esse.
716 1671 753 1726 Et
767 1668 887 1744 quidem
901 1670 1023 1728 formica
1042 1672 1138 1729 formi-
1152 1689 1177 1730 rs

47 1797 71 1835 ις
85 1788 150 1829 cae.
193 1769 252 1829 Sed
266 1780 366 1828 tamen
380 1770 462 1827 cuius
477 1769 625 1826 hominis?
644 1756 750 1842 quotus
766 1768 844 1825 enim
858 1768 981 1842 quisque
996 1769 1138 1847 formosus

85 1869 152 1926 est?
193 1868 314 1926 Athenis
337 1886 406 1925 cum
431 1885 536 1938 essem,
561 1884 577 1923 e
600 1866 734 1941 gregibus
759 1865 940 1940 epheborum
964 1867 1011 1922 vix
1036 1867 1139 1941 singuli

84 1965 313 2040 reperiebantur.
354 1964 460 2037 Viden,
489 1963 561 2039 quid
589 1963 730 2033 adriseris,
760 1961 813 2020 sed
841 1962 880 2019 ita
907 1971 1006 2020 tamen
1034 1982 1064 2021 se
1093 1983 1137 2024 res

84 2063 184 2121 habet.
227 2061 345 2120 Deinde
369 2062 463 2132 nobis,
486 2061 535 2136 qui
558 2059 790 2118 concedentibus
811 2059 992 2134 philosophis
1013 2061 1137 2136 antiquis

84 2159 312 2218 adulescentulis
342 2157 530 2230 delectamur,
562 2159 651 2216 etiam
681 2158 750 2215 vitia
782 2174 870 2231 saepe
901 2157 1029 2215 iucunda
1062 2170 1136 2218 sunt.

45 2281 71 2308 ω
85 2259 205 2316 Naevus
230 2257 261 2314 in
283 2256 404 2314 articulo
426 2257 509 2331 pueri
532 2256 659 2313 delectat
684 2255 834 2312 Alcaeum.
876 2256 914 2311 At
940 2264 982 2312 est
1007 2257 1136 2330 corporis

84 2354 201 2413 macula
215 2371 334 2411 naevus,
377 2353 421 2411 illi
435 2363 535 2410 tamen
557 2352 615 2410 hoc
636 2352 735 2409 lumen
750 2350 910 2409 videbatur.
953 2353 990 2424 Q.
1007 2354 1136 2425 Catulus,

82 2453 168 2510 huius
184 2451 315 2525 collegae
330 2459 359 2509 et
373 2449 517 2508 familiaris
531 2449 621 2507 nostri
635 2459 726 2524 pater,
742 2449 842 2507 dilexit
857 2449 1035 2524 municipem
1054 2459 1136 2509 tuum

82 2549 237 2621 Roscium,
252 2549 283 2606 in
297 2566 386 2623 quem
401 2547 488 2605 etiam
503 2546 573 2605 illud
588 2555 632 2604 est
646 2547 725 2604 eius:

123 2696 402 2758 Constiteram
436 2695 688 2754 exorientem
723 2695 914 2751 Auroram
950 2695 1055 2753 sorte
1083 2714 1134 2753 sa·

42 2823 66 2860 25
741 2792 894 2862 lutanS,

163 2894 259 2953 Cum
286 2893 425 2952 subito
453 2888 611 2949 a'laeva
640 2890 814 2948 Roscius
843 2889 1040 2947 exoritur.

121 2994 225 3049 Pace
253 2989 348 3048 mihi
375 2990 517 3059 liceat,
547 2989 764 3056 caelesteS,
794 2985 931 3043 dicere
960 2995 1108 3058 vestra,

162 3087 351 3146 Mortalis
379 3087 508 3144 visust
535 3085 747 3160 pulchrior
775 3101 862 3141 esse
892 3083 983 3141 deo,

80 3231 163 3289 Huic
188 3228 248 3288 deo
275 3228 422 3304 pulchrior
432 3249 441 3301 ;
469 3236 499 3285 at
524 3238 592 3300 erat,
616 3226 700 3285 sicuti
725 3225 814 3283 hodie
838 3235 889 3296 est,
913 3225 1133 3299 perversissimis

42 3359 67 3395 ³0
80 3329 182 3386 oculis.
227 3326 308 3401 Quid
322 3326 417 3397 refert,
432 3326 456 3383 si
470 3325 528 3382 hoc
542 3325 639 3399 ipsum
658 3323 765 3381 salsum
781 3323 820 3380 illi
835 3333 864 3380 et
878 3332 1033 3380 venustum
1053 3322 1132 3381 vide-

78 3425 185 3484 batur?
225 3423 331 3482 Redeo
346 3422 385 3481 ad
400 3422 481 3481 deos

119 3525 251 3598 Ecquos,
266 3521 290 3579 si
311 3539 372 3579 non
392 3528 452 3577 tam
474 3520 633 3592 strabones,
655 3528 684 3577 at
705 3518 837 3592 paetulos
859 3536 921 3576 esse
944 3506 1177 3612 arbitramur?{3

79 3638 190 3696 ecquos
210 3636 338 3676 naevum
359 3616 488 3674 habere?
515 3634 624 3690 ecquos
646 3616 722 3685 silos,
743 3615 859 3685 flaccos,
879 3615 1037 3686 frontones,
1053 3615 1132 3689 capi-

78 3726 172 3791 tones,
187 3732 265 3791 quae
280 3713 392 3772 suntin
406 3713 512 3772 nobis?
532 3732 569 3770 an
584 3712 683 3770 omnia
697 3710 854 3769 emendata
874 3712 902 3768 in
924 3711 997 3768 illis?
1039 3713 1133 3770 Detur
