2446 4102
127 307 185 369 142
450 305 499 355 ou
520 306 665 357 NATURA
688 305 848 358 oaonun.

122 459 296 530 differemus,
312 458 393 534 quod
412 460 609 536 Chrysippum
624 460 724 518 dicere
745 460 852 533 aiebas,
867 462 1009 537 quoniam
1030 473 1107 522 esset
1127 463 1172 522 ali·

121 557 191 631 quid
213 558 243 614 in
264 576 359 614 rerum
380 568 490 628 natura,
506 555 588 632 quod
608 559 646 616 ab
668 558 787 615 homine
809 558 885 615 effici
906 577 968 616 non
990 572 1100 635 posset,
1114 579 1174 619 esse

121 654 230 728 aliquid
250 654 368 711 homine
389 655 500 725 melius,
517 672 651 729 quaeque
667 655 696 711 in
711 654 802 712 domo
821 655 944 729 pulchra
963 675 1032 714 curn
1052 659 1174 732 pulchri-

121 750 222 808 tudinc
240 751 342 808 mundi
360 753 562 826 comparabaS,
578 761 607 809 et
626 770 694 808 curn
714 752 801 809 totius
821 752 924 810 mundi
942 756 1175 813 convenientiam

121 866 356 923 consensumque
371 848 532 919 adferebas,
548 850 733 923 Zenonisque
751 850 844 907 brevis
862 859 891 907 et
908 852 1039 909 acutulas
1058 854 1174 912 conclu·
1192 879 1203 918 5

120 946 217 1002 siones
238 946 267 1001 in
289 963 354 1002 eam
376 957 488 1020 partem
509 947 660 1016 sermonis,
676 964 763 1020 quam
785 946 877 1004 modo
899 947 969 1018 dixi,
990 947 1175 1022 differemus,

120 1042 284 1116 eodemque
307 1052 439 1117 tempore
462 1043 509 1099 illa
530 1043 637 1113 omnia,
659 1060 735 1116 quae
757 1062 775 1100 a
795 1053 833 1114 te,
855 1044 986 1118 physice,
1007 1044 1089 1103 dieta
1111 1057 1176 1105 sunt

120 1138 207 1197 de'vi
229 1139 315 1213 ignea
332 1138 428 1213 deque
450 1157 487 1197 eo
509 1139 614 1211 calore,
635 1157 672 1196 ex
694 1158 753 1214 quo
774 1141 873 1197 omnia
894 1142 1027 1216 generari
1047 1142 1175 1215 dicebas,

119 1237 186 1294 loco
208 1255 261 1293 suo
280 1246 461 1310 quaerentur,
479 1237 646 1310 omniaque,
663 1255 739 1311 quae
760 1256 778 1294 a
798 1247 827 1296 te
848 1238 955 1296 nudius
977 1240 1079 1298 tertius
1098 1240 1177 1298 dicta

120 1344 194 1403 sunt,
213 1352 280 1389 cum
299 1332 407 1390 docere
424 1334 512 1391 velles
530 1333 602 1390 deos
624 1351 697 1404 esse,
713 1352 801 1408 quare
824 1344 853 1392 et
874 1335 1003 1394 mundus
1025 1337 1175 1396 universus
1188 1369 1211 1395 ιο

120 1441 149 1487 et
170 1431 212 1487 sol
233 1440 262 1487 ct
283 1429 351 1487 luna
370 1439 400 1486 et
418 1431 517 1488 stellae
537 1448 654 1487 sensum
674 1449 709 1487 ac
729 1441 858 1488 mentem
879 1431 1030 1505 haberent,
1047 1435 1077 1491 in
1097 1435 1176 1492 idem

82 1543 107 1583 19
120 1538 234 1601 tempus
255 1529 417 1586 reservabo,
460 1530 486 1584 A
507 1537 536 1584 te
557 1538 656 1584 autem
678 1527 759 1585 idem
779 1527 849 1586 illud
869 1529 963 1586 etiamv
978 1541 1067 1605 atque
1089 1533 1176 1590 etiam

90 1631 266 1699 8quaeram,
288 1625 393 1699 quibus
417 1625 576 1682 rationibus
604 1625 656 1682 tibi
684 1625 860 1698 persuadeas
882 1625 956 1684 deos
981 1645 1055 1686 esse.
1098 1631 1176 1688 Tum

121 1723 244 1779 Balbus:
269 1721 416 1796 Equidem
433 1723 560 1779 attulisse
579 1721 706 1779 rationes
725 1722 796 1780 mihi
809 1722 920 1794 videor,
935 1723 990 1782 sed
1012 1743 1062 1784 eas
1084 1736 1115 1784 tu
1136 1728 1176 1785 ita

119 1819 231 1889 refellis,
250 1829 290 1889 ut,
310 1838 378 1875 cum
400 1837 447 1876 me
469 1820 694 1894 interrogaturus
716 1838 779 1877 esse
796 1819 914 1878 videare
936 1831 966 1878 et
987 1840 1044 1897 ego
1066 1843 1115 1882 me
1136 1824 1175 1884 ad
1188 1853 1211 1891 ις

119 1914 359 1989 respondendum
379 1917 582 1990 compararim,
596 1925 718 1990 repente
738 1926 849 1975 avertas
869 1918 1032 1976 orationem
1050 1939 1108 1978 nec
1122 1921 1176 1980 des

119 2011 318 2086 respondendi
333 2013 440 2070 locum.
485 2015 587 2088 Itaque
605 2015 750 2070 maximae
767 2033 813 2072 res
830 2015 936 2072 tacitae
954 2019 1174 2091 praeterierunt,

120 2110 157 2167 de
169 2109 355 2181 divinatione,
369 2109 406 2167 de
421 2111 490 2181 fatu,
502 2112 606 2185 quibus
622 2110 660 2168 de
675 2111 894 2186 quaestionibus
909 2122 940 2170 tu
955 2114 1077 2187 quidem
1092 2117 1174 2174 stric-

120 2210 180 2279 tim,
196 2209 284 2265 nostri
300 2218 397 2265 autem
413 2209 503 2265 multa
518 2209 611 2265 solent
627 2208 734 2280 dicere,
750 2207 804 2267 sed
818 2210 855 2268 ab
871 2210 926 2267 hac
941 2228 978 2268 ea
992 2214 1173 2286 quaestione,

120 2325 193 2381 quac
216 2325 293 2363 nunc
316 2308 344 2363 in
367 2306 500 2362 manibus
522 2316 574 2376 est,
590 2316 766 2379 separantur.
810 2306 918 2380 Quare,
933 2307 957 2365 si
974 2308 1098 2382 videtur,
1114 2313 1174 2369 noli
1187 2337 1211 2365 ω

120 2424 204 2479 agere
225 2405 355 2474 confuse,
371 2413 401 2460 ut
421 2403 478 2460 hoc
498 2404 678 2478 explicemus
694 2402 749 2459 hac
765 2403 971 2478 disputatione,
987 2406 1070 2481 quod
1084 2425 1173 2483 quae-

119 2503 196 2559 ritur.

81 2622 106 2659 20
160 2601 289 2673 Optime,
312 2600 403 2673 inquit
429 2599 524 2658 Cotta.
568 2599 672 2672 Itaque
694 2598 833 2672 quoniam
854 2607 991 2672 quattuor
1018 2601 1047 2658 in
1077 2612 1174 2677 partes

119 2707 210 2754 totam
225 2697 426 2770 quaestionem
442 2695 561 2753 divisisti
576 2694 613 2751 de
633 2696 784 2770 primaque
800 2695 935 2768 diximus,
951 2698 1173 2759 consideremus

120 2793 298 2864 secundam,
321 2812 395 2866 quae
421 2793 490 2848 mihi
515 2793 578 2850 talis
602 2791 715 2849 videtur
739 2793 835 2864 fuisse,
857 2803 898 2866 ut,
920 2812 990 2851 curn
1015 2797 1172 2856 ostendere
1186 2828 1209 2866 ας

119 2891 214 2961 velles,
227 2890 326 2964 quales
341 2889 371 2946 di
386 2900 491 2960 essent,
507 2889 676 2947 ostenderes
690 2891 784 2947 nullos
800 2909 873 2948 esse.
916 2893 942 2948 A
956 2894 1173 2953 consuetudine

119 2989 198 3044 eninr
226 2988 378 3044 oculorum
406 2988 535 3044 animum
563 2986 709 3044 abducere
732 2987 934 3045 difficillimum
956 2988 1086 3063 dicebas,
1109 2991 1172 3064 sed,

119 3104 186 3140 curn
205 3084 263 3141 deo
284 3085 355 3141 nihil
376 3085 567 3158 praestantius
589 3094 674 3155 esset,
694 3103 755 3142 non
775 3084 936 3157 dubitabas,
952 3087 1023 3159 quin
1045 3088 1173 3148 mundus

119 3191 194 3238 esset
206 3180 288 3252 deuS,
302 3201 360 3255 quo
372 3181 442 3237 nihil
457 3181 486 3237 in
501 3201 596 3238 rerum
611 3191 713 3239 natura
728 3183 830 3239 melius
842 3192 926 3240 esset.
963 3184 1060 3242 Modo
1071 3204 1170 3260 posse-

119 3299 182 3336 mus
205 3299 272 3335 eum
294 3280 471 3335 animantem
493 3279 620 3353 cogitare
641 3279 687 3335 vel
708 3281 814 3354 potius,
835 3290 866 3336 ut
888 3290 986 3337 cetera
1007 3283 1109 3355 oeulis,
1129 3285 1171 3342 sic
1185 3314 1209 3351 30

80 3395 103 3434 n
119 3377 215 3433 animo
239 3376 295 3433 hoc
318 3380 454 3433 cernere!
498 3376 555 3434 Sed
581 3395 648 3433 curn
674 3378 786 3434 mundo
812 3396 901 3452 negas
923 3378 1081 3453 quicquam
1108 3399 1171 3439 esse

118 3474 229 3545 meliuS,
243 3474 313 3549 quid
329 3473 401 3531 dicis
417 3475 540 3531 melius?
581 3475 609 3532 Si
623 3474 779 3548 pulchrius,
796 3474 962 3546 adsentior,
984 3477 1008 3532 si
1023 3478 1119 3552 aptius
1133 3478 1170 3536 ad

118 3573 253 3629 utilitates
267 3582 388 3642 nostras,
404 3572 434 3628 id
450 3590 567 3646 quoquc
583 3570 749 3642 adsentior,
771 3572 814 3627 sin
836 3583 934 3629 autem
953 3572 983 3629 id
1001 3573 1085 3646 dicis,
1100 3576 1172 3634 nihil

118 3689 181 3726 esse
197 3669 308 3727 mundo
323 3669 490 3743 sapientius,
506 3667 585 3725 nullo
601 3666 692 3724 modo
706 3685 822 3740 prorsus
840 3668 997 3740 adsentior,
1013 3689 1075 3729 non
1089 3673 1172 3748 quod

118 3766 234 3824 difficile
256 3768 292 3824 sit
313 3776 442 3824 mentem
462 3766 498 3823 ab
514 3765 606 3822 oeulis
626 3781 772 3834 sevocare,
787 3765 841 3822 sed
855 3784 915 3841 quo
937 3768 1029 3843 magis
1051 3787 1170 3843 sevoco,
1184 3799 1207 3837 3⁵
