2446 4102
109 262 154 324 44
438 258 487 308 uu
508 258 654 309 unauna
676 257 836 308 usouuu.

110 431 229 485 nomen,
244 421 307 471 tum
321 412 455 471 ultimum
470 423 499 471 et
514 412 683 470 altissimum
705 421 792 488 atque
808 410 939 487 undique
954 411 1163 471 circumfusum

110 522 139 570 et
154 520 315 569 extremum
331 511 431 568 omnia
444 510 611 586 cingentem
632 520 719 585 atque
752 509 929 585 conplexum
951 508 1097 582 ardorem,
1112 509 1164 585 qui

110 609 209 667 aether
231 608 405 679 nominetur,
428 607 621 666 certissimum
643 606 734 665 deum
757 606 868 664 iudicat
878 627 888 679 ,·
916 606 1056 681 idemque
1080 607 1164 681 quasi

110 705 235 765 delirans
249 706 279 763 in
294 706 327 763 iis
346 705 432 776 libris,
447 722 521 779 quos
543 704 656 779 scripsit
678 713 779 762 contra
792 704 981 780 voluptatem,
996 713 1059 761 tum
1081 705 1165 780 fingit

110 804 233 862 formam
247 802 397 878 quandam
418 811 447 859 et
469 802 598 877 speciem
613 800 745 873 deorum,
760 810 822 859 tum
838 801 1019 859 divinitatem
1041 820 1163 860 omnem
1181 815 1192 854 s

110 902 208 959 tribuit
222 901 312 972 astris,
327 909 389 957 tum
411 899 482 956 nihil
503 899 614 956 ratione
636 907 738 956 censet
759 916 822 956 esse
838 897 972 956 divinius.
1015 899 1062 956 Ita
1075 899 1118 972 fit,
1132 909 1164 959 ut

110 998 183 1057 deus
204 998 259 1070 ille,
275 1016 364 1072 quern
386 1005 484 1054 mente
504 996 653 1054 noscimus
675 1005 762 1072 atque
783 995 814 1053 in
834 995 924 1054 animi
944 995 1067 1054 notione
1090 1005 1163 1054 tam-

111 1113 198 1170 quam
213 1096 242 1153 in
257 1095 378 1170 vestigio
393 1094 525 1152 volumus
546 1110 697 1168 reponere,
712 1111 857 1168 nusquam
877 1111 994 1168 prorsus
1014 1102 1163 1168 appareat

69 1178 150 1285 {ght
174 1194 323 1264 Persaeus,
345 1190 477 1250 eiusdem
499 1190 625 1248 Zenonis
651 1190 774 1262 auditor,
796 1208 848 1248 eos
869 1191 941 1249 dicit
962 1208 1026 1248 esse
1049 1190 1164 1250 habitos

111 1289 193 1360 deos,
219 1290 361 1369 aquibus
387 1306 493 1363 magna
514 1287 620 1345 utilitas
642 1286 681 1344 ad
701 1287 777 1344 vitae
801 1287 911 1345 cultum
936 1296 1012 1346 esset
1035 1287 1163 1361 inventa,
1176 1306 1199 1334 ιο

110 1387 245 1462 ipsasque
267 1404 312 1444 res
333 1386 416 1444 utiles
438 1394 468 1443 et
488 1386 624 1444 salutares
646 1384 769 1442 deorum
795 1402 858 1443 esse
879 1385 1028 1443 vocabulis
1051 1405 1164 1445 nuncu·

110 1494 202 1560 patas,
217 1494 250 1542 ut
270 1502 308 1541 ne
330 1484 387 1541 hoc
402 1484 522 1558 quidem
537 1483 657 1555 diceret,
673 1483 721 1540 illa
741 1482 860 1541 inventa
879 1501 943 1541 esse
958 1483 1095 1556 deorum,
1111 1483 1165 1543 sed

111 1583 175 1657 ipsa
189 1582 294 1639 divina.
337 1581 405 1654 Quo
419 1580 490 1655 quid
505 1580 665 1652 absurdius,
681 1598 769 1655 quarn
784 1589 834 1638 aut
854 1599 899 1639 res
921 1580 1054 1640 sordidas
1076 1591 1164 1658 atque

112 1679 249 1737 deformis
261 1679 384 1737 deorum
399 1677 509 1736 honore
521 1677 647 1736 adficere
660 1686 709 1736 aut
723 1678 858 1736 homines
872 1679 929 1736 iarn
944 1688 1038 1737 morte
1050 1678 1164 1738 deletos

110 1795 252 1852 reponere
267 1777 298 1833 in
312 1775 394 1848 deos,
409 1793 534 1850 quorum
548 1776 643 1834 omnis
665 1776 759 1833 cultus
782 1785 858 1834 esset
879 1776 990 1834 futurus
1012 1777 1042 1835 in
1063 1777 1198 1836 luctuiu

73 1878 99 1919 89
112 1876 176 1933 Iam
202 1893 272 1932 vero
300 1874 488 1948 Chrysippus,
513 1873 565 1948 qui
592 1873 754 1932 Stoicorum
783 1874 962 1932 somniorum
986 1875 1164 1935 vaferrumus

111 1971 233 2029 habetur
257 1972 406 2045 interpres,
429 1989 564 2047 magnam
586 1971 700 2029 turbam
727 1981 886 2047 congregat
906 1972 1072 2048 ignotorum
1092 1971 1164 2032 deo-

111 2088 185 2141 rum,
196 2078 283 2143 atque
299 2069 338 2126 ita
352 2069 525 2142 ignotorum,
535 2077 567 2125 ut
581 2086 632 2126 eos
646 2086 684 2125 ne
697 2069 866 2127 coniectura
876 2068 997 2144 quidem
1008 2069 1164 2128 informare

111 2167 265 2241 possimus,
281 2185 349 2223 curn
369 2183 453 2223 mens
475 2174 573 2223 nostra
586 2164 699 2239 quidvis
720 2165 853 2223 videatur
873 2166 1051 2242 cogitatione
1075 2185 1164 2243 posse

111 2263 290 2339 depingere3
312 2264 350 2320 ait
365 2263 442 2320 enim
457 2263 516 2320 vim
531 2261 658 2320 divinam
673 2263 703 2320 in
718 2264 829 2321 ratione
850 2281 914 2321 esse
935 2263 1060 2338 positam
1083 2273 1113 2322 et
1134 2264 1165 2323 in
1175 2286 1199 2314 ω

110 2362 260 2420 universae
275 2369 394 2418 naturae
410 2360 508 2417 animo
522 2369 609 2434 atque
624 2369 733 2432 mente,
745 2360 900 2436 ipsumque
914 2359 1059 2419 mundum
1074 2361 1164 2420 deum

111 2458 181 2517 dicit
203 2477 266 2516 esse
288 2467 318 2515 et
342 2457 403 2514 eius
428 2457 517 2514 animi
539 2457 684 2515 fusionem
709 2458 881 2531 universam,
899 2467 961 2516 tum
987 2458 1049 2517 eius
1074 2459 1164 2535 ipsius

111 2556 313 2630 principatum,
329 2554 379 2628 qui
399 2554 430 2611 in
450 2563 549 2611 mente
574 2562 603 2610 et
627 2554 738 2611 ratione
759 2565 896 2626 versetur,
912 2573 1164 2631 communemque

110 2670 205 2709 rerum
228 2661 361 2708 naturam
385 2651 660 2726 universitatemque
686 2652 786 2709 omnia
808 2653 1019 2724 continentem,
1033 2661 1098 2711 tum
1122 2654 1163 2712 sa-

110 2750 197 2807 talem
211 2750 270 2806 vim
285 2758 315 2806 et
328 2749 534 2806 necessitatem
548 2767 643 2806 rerum
659 2749 826 2820 futurarum,
841 2749 940 2824 ignem
961 2758 1114 2824 praeterea
1133 2760 1164 2810 et
1175 2775 1198 2815 ας

112 2865 188 2918 eum,
214 2864 302 2920 quem
327 2854 394 2903 ante
418 2844 486 2917 dixi,
513 2846 638 2918 aethera,
664 2854 726 2904 tum
752 2865 795 2918 ea,
817 2864 892 2921 quae
915 2856 1019 2905 natura
1040 2846 1165 2907 fluerent

111 2954 197 3018 atque
212 2952 371 3014 manarent,
387 2951 417 3000 ut
439 2952 468 3001 et
488 2961 595 3018 aquam
616 2953 645 3001 et
666 2953 771 3001 terram
793 2954 822 3002 et
846 2945 922 3017 a'e'ra,
937 2945 1038 3018 solem,
1052 2944 1164 3020 lunam,

111 3042 206 3100 sidera
218 3041 492 3115 universitatemque
514 3059 619 3113 rerum,
634 3059 693 3116 qua
714 3042 814 3099 omnia
834 3042 1060 3115 continerentur,
1075 3052 1164 3118 atque

73 3156 97 3197 lo
111 3140 199 3197 etiam
213 3138 346 3195 homines
359 3156 418 3208 eos,
430 3139 480 3213 qui
505 3138 740 3197 inmortalitatem
752 3149 849 3198 essent
860 3140 1019 3199 consecuti.
1062 3139 1163 3199 Idem·

77 3292 81 3297 .
110 3254 167 3310 que
190 3236 318 3310 disputat
338 3236 455 3293 aethera
480 3254 543 3295 esse
568 3254 645 3308 eum,
661 3254 751 3310 quem
775 3236 909 3295 homines
935 3239 1039 3295 Iovem
1062 3240 1163 3314 appel·
1176 3267 1200 3307 30

111 3334 210 3405 larent,
236 3334 344 3408 quique
367 3333 416 3391 aer
439 3352 493 3408 per
514 3334 605 3391 maria
632 3342 771 3406 manaret,
798 3352 866 3392 eum
891 3353 955 3393 esse
979 3335 1163 3411 Neptunum,

110 3441 273 3505 terramque
289 3449 355 3488 earn
370 3449 442 3501 esse,
455 3449 529 3505 quae
545 3432 635 3489 Ceres
646 3430 799 3503 diceretur,
812 3432 955 3506 similique
969 3433 1083 3492 ratione
1097 3452 1164 3509 per·

111 3529 239 3603 sequitur
262 3529 405 3587 vocabula
428 3529 605 3602 reliquorum
630 3528 761 3587 deorum.
805 3529 949 3604 Idemque
974 3531 1064 3588 etiarn
1092 3532 1164 3608 legis

110 3637 270 3702 perpetuae
295 3635 325 3684 et
348 3634 482 3683 aeternae
503 3626 571 3697 vim,
591 3644 666 3701 quae
688 3627 770 3700 quasi
791 3626 852 3685 dux
871 3628 947 3685 vitae
972 3637 1002 3686 et
1026 3630 1165 3705 magistra

110 3723 273 3783 officiorum
287 3723 331 3796 sit,
348 3725 451 3781 Iovem
462 3721 533 3780 dicit
547 3741 611 3781 esse
626 3722 810 3800 eandemque
825 3724 940 3782 fatalem
954 3727 1164 3787 necessitatem
1175 3751 1199 3792 as
