2446 4102
340 296 406 346 LIB.
423 297 458 345 11.
492 297 552 346 CAP.
567 297 713 346 XL-XLH.
748 298 777 359 §§
794 296 911 344 roo-106.
1091 299 1145 344 111

95 450 186 510 etiam
201 450 344 509 insistunt.
388 451 456 525 Quo
471 451 640 526 spectaculo
655 450 726 508 nihil
740 460 837 525 potest
858 451 1063 523 admirabilius(
1076 471 1148 523 esse,
1157 463 1195 505 104

94 549 167 606 nihil
187 548 345 623 pulchrius
388 549 521 623 Sequitur
535 549 680 606 stellarum
702 549 887 606 inerrantium
908 550 1034 606 maxima
1055 550 1149 607 multi-

94 644 179 716 tudo,
206 663 328 719 quarum
353 646 393 703 ita
414 645 553 720 discripta
574 645 722 702 distinctio
745 655 796 717 est,
815 656 846 702 ut
867 665 903 703 ex
924 657 1057 704 notarum
1079 649 1149 722 figu-

93 762 192 801 rarum
221 741 408 800 similitudine
436 738 753 800 nominainvenerint.
796 744 892 817 Atque
921 744 979 800 hoc
1007 745 1074 801 loco
1103 749 1194 803 mell

61 862 73 899 ⁵
95 841 232 897 intuens:
255 841 337 911 Utar,
352 840 454 914 inquit,
470 840 645 897 carminibus
668 839 780 909 Aratus
804 858 878 913 quae
901 859 917 896 a
939 851 966 897 te
988 827 1157 900 admodum*

94 936 318 994 adulescentulo
340 955 482 994 conversa
502 936 542 993 ita
562 954 609 993 me
632 934 787 1006 delectant,
809 939 877 1010 quia
899 939 1002 994 Latina
1023 949 1098 1010 sunt,
1120 948 1152 997 ut

94 1035 187 1091 multa
202 1034 287 1091 exiis
301 1035 443 1092 memoria
456 1043 582 1090 teneam.
623 1034 711 1108 Ergo,
723 1044 754 1090 ut
768 1035 860 1091 oculis
875 1033 996 1091 adsidue
1009 1034 1150 1107 videmus,

94 1132 158 1190 sine
173 1131 233 1188 ulla
247 1130 407 1188 mutatione
423 1140 471 1187 aut
485 1131 624 1187 varietate

177 1245 311 1304 Cetera
331 1245 503 1302 labuntur
524 1245 637 1302 celeri
659 1245 838 1301 caelestia
858 1249 957 1302 motu

56 1370 81 1397 ιο
177 1343 266 1402 Cum
287 1343 466 1418 caeloque
491 1342 596 1400 simul
620 1351 825 1416 noctesque
851 1341 1004 1417 diesque
1029 1344 1149 1400 ferun-

902 1449 973 1511 tur,

94 1575 222 1632 quorum
246 1554 494 1629 contemplatione
519 1553 623 1611 nullius
647 1553 757 1629 expleri
781 1562 878 1628 potest
899 1554 1011 1612 animus
1032 1564 1150 1613 naturae
1158 1571 1195 1612 105

95 1653 293 1712 constantiam
305 1652 404 1710 videre
421 1651 575 1726 cupientis,

178 1770 445 1842 Extremusque
467 1765 559 1824 adeo
584 1764 727 1840 duplici
751 1763 795 1822 de
820 1765 970 1823 cardine
992 1775 1118 1825 vertex

57 1890 81 1927 1⁵
178 1866 326 1924 Dicitur
346 1883 426 1922 esse
447 1864 562 1938 polus.

97 1983 191 2040 Hunc
207 1980 318 2037 circum
331 1980 438 2036 Arctoe
454 1978 529 2036 duae
546 1979 675 2035 feruntur
688 1994 848 2051 numquam
862 1976 1042 2036 occidentes,

179 2095 232 2153 Ex
255 2093 310 2150 his
335 2093 451 2149 altera
478 2092 573 2166 apud
599 2091 730 2151 Graios
756 2091 944 2166 Cynosura
964 2101 1130 2164 vocatur,

177 2192 305 2250 Altera
325 2189 463 2247 dicitur
484 2207 563 2247 esse
586 2189 733 2260 Helice,

96 2308 180 2366 cuius
196 2303 317 2380 quidem
332 2303 503 2360 clarissimas
518 2304 612 2360 stellas
628 2305 696 2360 totis
710 2303 844 2361 noctibus
860 2303 1013 2375 cernimus

58 2448 83 2475 ω
179 2421 279 2494 Quas
299 2418 416 2476 nostri
438 2418 583 2492 Septem
605 2418 707 2474 soliti
728 2418 892 2475 vocitare
913 2419 1084 2477 Triones.

97 2536 279 2608 Paribusque
307 2533 394 2591 stellis
422 2532 550 2590 similiter
578 2531 721 2589 distinctis
757 2532 885 2590 eundem
913 2533 986 2589 caeli
1014 2533 1197 2592 verticemnt

95 2635 198 2693 lustrat
213 2649 303 2707 parva
316 2631 485 2706 Cynosura:

180 2748 262 2806 Hac
283 2744 405 2802 fidunt
427 2744 519 2802 duce
542 2753 722 2802 nocturna
745 2743 950 2801 Phoenices
973 2745 1006 2800 in
1028 2745 1111 2802 alt0.

180 2843 252 2904 Sed
273 2844 372 2918 prior
393 2843 456 2899 illa
476 2843 588 2917 magis
611 2842 730 2898 stellis
754 2841 934 2898 distincta
955 2843 1113 2916 refulget

60 2969 85 3009 ις
183 2944 228 3002 Et
249 2941 321 2999 late
343 2941 459 3015 prima
479 2940 680 2997 confestim
702 2957 720 2994 a
740 2948 849 2995 nocte
872 2939 1031 3010 videtur,

181 3041 286 3099 Haec
313 3056 397 3111 ¹uero
425 3055 535 3113 parva
564 3047 631 3108 est,
662 3036 727 3094 sed
755 3036 875 3093 nautis
906 3055 988 3092 usus
1021 3037 1055 3094 in
1088 3037 1154 3094 hac

905 3144 977 3204 est5

182 3235 274 3294 Nam
294 3250 400 3291 eursu
422 3231 599 3311 interiore
620 3231 722 3289 brevi
743 3230 973 3288 convertitur
994 3230 1094 3289 orbe.

100 3351 139 3410 Et
153 3367 215 3426 quo
230 3349 268 3406 sit
280 3365 379 3405 earum
394 3346 540 3404 stellarum
555 3345 749 3403 admirabilior
763 3354 906 3419 aspectus
1161 3348 1198 3403 42

62 3485 87 3523 ro
182 3464 259 3520 Has
281 3462 390 3531 inter,
411 3459 524 3517 veluti
546 3458 674 3533 rapido
697 3478 776 3516 cum
797 3459 940 3534 gurgite
963 3459 1115 3530 flumen,

181 3560 322 3618 Torvus
354 3559 474 3614 Draco
504 3557 620 3631 serpit
649 3557 773 3614 subter
802 3573 1007 3630 superaque
1036 3555 1154 3613 revol-

905 3672 991 3709 vens

182 3755 270 3815 Sese
292 3751 579 3825 conficiensque
601 3750 700 3807 sinus
723 3768 739 3806 e
761 3768 915 3825 corpore
939 3750 1073 3808 flexoS.
