2446 4102
373 252 438 301 LIB.
451 252 486 300 11.
520 252 580 300 Car.
592 253 691 301 XLIII.
726 254 756 316 ξς
772 266 891 316 107-111.
1098 259 1155 320 113

183 407 449 482 Arctophylax,
475 407 584 482 vulgo
613 407 673 482 qui
701 407 838 465 dicitur
866 427 945 467 esse
974 411 1123 483 Bootes,

184 503 292 578 Quod
320 504 422 579 quasi
450 504 588 561 temoni
617 503 827 562 adiunctam
862 524 947 580 prae
975 525 1011 564 se
1039 509 1159 583 quatit

906 605 1068 664 Arctum.

98 682 190 753 Dein,
213 700 288 756 quae
309 691 477 756 sequuntur.
521 682 601 740 Huic
623 683 702 740 enim
724 684 809 740 Booti
1164 707 1201 749 110

64 831 77 871 s
471 813 596 871 subter
623 814 845 888 praecordia
872 815 946 873 fixa
972 817 1117 876 videtur

182 909 297 969 Stella
324 910 462 968 micans
489 910 618 982 radiiS,
647 912 824 971 Arcturus
858 913 1006 971 nomine
1041 915 1155 989 claro,

96 1025 184 1082 cuius
199 1025 324 1100 pedibus
345 1024 477 1082 subiecta
497 1024 584 1082 fertur

181 1138 329 1213 Spicum
366 1136 521 1196 inlustre
560 1146 690 1196 tenens
728 1138 942 1214 splendenti
980 1160 1135 1217 corpore

904 1239 1029 1313 Virgo.

58 1369 84 1397 10
96 1353 197 1426 Atque
218 1351 259 1408 ita
280 1350 420 1408 dimetata
440 1349 523 1424 signa
542 1358 619 1420 sunt,
642 1358 674 1407 ut
695 1349 725 1408 in
745 1351 831 1409 tantis
854 1351 1089 1427 discriptionibus
1111 1354 1153 1413 di·
1161 1365 1199 1420 43

96 1449 167 1508 vina
187 1448 315 1507 sollertia
335 1456 488 1522 appareat:

182 1581 228 1638 Et
256 1588 361 1637 natos
390 1579 564 1637 Geminos
592 1578 729 1636 invises
757 1580 821 1638 sub
850 1592 960 1656 caput
988 1584 1103 1642 Arcti.

182 1677 378 1736 Subiectus
406 1675 549 1734 mediae
578 1684 633 1733 est
661 1676 816 1748 Cancer,
845 1677 1078 1755 pedibusque
1101 1690 1154 1739 te·

906 1786 1012 1834 netur

61 1901 85 1941 ις
182 1874 337 1948 Magnus
373 1872 446 1930 Leo
483 1871 675 1930 tremulam
709 1872 879 1947 quatiens
918 1891 934 1930 e
974 1893 1128 1950 corpore

905 1970 1097 2032 flammam.

98 2053 209 2128 Auriga

181 2165 253 2225 Sub
280 2164 383 2223 laeva
402 2164 637 2224 Geminorum
665 2164 849 2223 obductus
876 2177 979 2241 parte
1001 2169 1152 2228 seretur.

180 2263 383 2322 Adversum
407 2271 519 2338 caput
546 2262 629 2320 huic
656 2263 813 2321 Helicae
841 2265 1051 2325 truculenta
1075 2277 1153 2325 tue-

58 2388 85 2416 20
905 2373 977 2422 tur.

180 2462 226 2518 At
254 2458 371 2534 Capra
398 2457 540 2515 laevum
568 2475 728 2516 umerum
755 2457 854 2517 clara
881 2460 1039 2520 obtinet.

95 2594 187 2664 Tum,
209 2609 285 2667 quae
306 2601 482 2667 sequuntur:

179 2725 312 2782 Verum
336 2723 426 2782 haec
451 2733 507 2781 est
530 2741 659 2798 magno
682 2732 791 2798 atque
813 2722 962 2783 inlustri
986 2725 1155 2800 praedita

903 2841 1022 2898 signo,

57 2947 82 2986 ,ς
180 2919 318 2979 Contra
345 2918 467 2977 Haedi
494 2918 664 2994 exiguum
690 2919 832 2977 iaciunt
858 2921 1074 2979 mortalibus
1100 2920 1152 2996 ig·

902 3035 997 3075 nem.

96 3097 190 3158 Cuius
212 3097 268 3156 sub
288 3095 414 3172 pedibus

179 3227 360 3304 Corniger
386 3236 441 3286 est
468 3226 590 3285 valido
619 3228 772 3287 conixus
803 3247 958 3305 corpore
987 3231 1141 3290 Taurus.

97 3360 169 3420 Eius
190 3368 281 3435 caput
300 3358 387 3418 stellis
407 3376 597 3434 conspersum
617 3368 662 3417 est
682 3359 898 3433 frequentibus:
1160 3377 1196 3419 111

58 3533 84 3572 30
180 3491 257 3549 Has
285 3490 418 3549 Graeci
446 3489 573 3547 stellas
603 3489 751 3565 Hyadas
780 3491 944 3549 vocitare
973 3496 1138 3565 suerunt,

99 3621 134 3701 [a
157 3620 290 3699 pluendo
301 3641 310 3693 3
339 3619 394 3678 ὕειν
418 3622 497 3678 enim
525 3630 568 3679 est
596 3620 711 3700 pluere]
743 3623 833 3680 nostri
861 3624 993 3698 imperite
1022 3624 1150 3696 Suculas‚

96 3721 179 3796 quasi
201 3738 220 3776 a
242 3719 332 3778 subus
348 3728 459 3791 essent,
478 3736 539 3775 non
560 3719 597 3776 ab
621 3719 760 3777 imbribus
784 3720 959 3777 nominatae.
1004 3722 1151 3779 Minorem
