2446 4102
78 250 118 326 58
407 262 455 310 ms
476 262 622 312 ultrum
645 260 805 312 DEORUM.

77 426 125 475 aut
153 416 295 475 mundum
324 425 373 474 aut
400 427 532 474 mentem
560 416 686 490 aliquam
714 415 923 491 sempiternam
951 414 981 472 in
1007 413 1131 473 deorum

76 532 198 570 numero
227 516 358 588 ponere?
401 514 586 587 ‘Numquam
606 512 666 570 vidi
674 514 690 583 '‚
714 512 815 586 inquit,
840 513 984 569 ‘animam
1012 510 1131 569 rationis

78 611 247 684 consiliique
269 611 443 685 participem
459 610 490 667 in
506 610 564 667 ulla
577 609 633 666 alia
649 608 704 667 nisi
722 608 850 667 humana
870 609 987 684 figura'.
1030 607 1132 681 Quid?

77 708 144 766 solis
179 707 392 782 numquidnam
422 716 472 764 aut
500 707 586 765 lunae
616 715 666 764 aut
699 706 829 781 quinque
863 707 1020 764 errantium
1054 704 1130 763 side·

76 825 140 863 rum
173 805 265 863 simile
300 803 417 863 vidisti?
468 804 518 863 Sol
552 803 666 862 duabus
700 804 785 861 unius
818 802 894 861 orbis
926 802 1033 861 ultimis
1066 819 1160 877 par-s

77 904 152 960 tibus
180 902 323 960 definiens
351 912 466 960 motum
497 919 596 960 cursus
625 918 738 958 annuos
770 900 889 958 coniicit
899 920 908 972 ;
939 898 1025 957 huius
1054 898 1131 956 hanc

77 1001 276 1058 lustrationem
311 999 443 1057 eiusdem
474 1000 595 1056 incensa
626 997 713 1055 radiis
749 1006 898 1055 menstruo
933 997 1027 1072 spatio
1063 995 1131 1053 luna

78 1099 206 1172 complet
216 1117 225 1170 ;
248 1097 378 1172 quinque
396 1107 495 1154 autem
513 1097 612 1154 stellae
631 1094 761 1152 eundem
778 1095 880 1153 orbem
897 1102 1042 1164 tenentes,
1057 1093 1130 1151 aliae

77 1196 194 1272 propius
224 1215 242 1253 a
276 1195 366 1267 terriS,
389 1195 461 1252 aliae
490 1194 638 1265 remotim,
667 1194 704 1252 ab
732 1192 827 1251 isdem
854 1191 1004 1268 principiis
1032 1189 1129 1267 dispa-

38 1295 153 1352 asribus
181 1294 361 1368 temporibus
389 1292 495 1350 eadem
523 1292 616 1366 spatia
643 1290 811 1349 conficiunt.
863 1290 944 1347 Num
966 1287 1039 1364 quid
1062 1290 1128 1362 tale,
1143 1312 1166 1340 ιο

78 1392 213 1466 Epicure,
238 1390 355 1448 vidisti?
396 1391 443 1448 Ne
469 1391 505 1448 sit
526 1390 610 1464 igitur
630 1390 683 1461 sol,
703 1407 740 1447 ne
762 1389 839 1461 luna,
861 1405 899 1445 ne
921 1386 1031 1459 stellae,
1057 1405 1129 1461 quo·

76 1489 155 1546 niam
169 1488 240 1545 nihil
254 1506 317 1545 esse
331 1497 437 1562 potest,
454 1487 509 1545 nisi
530 1486 612 1561 quod
633 1487 779 1561 attigimus
799 1495 850 1543 aut
869 1484 1015 1557 vidimus;
1038 1483 1131 1559 quid?

77 1585 167 1644 deum
185 1586 283 1661 ipsum
302 1603 412 1643 numne
433 1584 549 1642 vidisti?
591 1584 651 1643 Cur
671 1584 756 1658 igitur
776 1582 871 1640 credis
894 1583 980 1640 esse?
1021 1582 1131 1641 Omnia

77 1684 209 1742 tollamus
234 1702 312 1758 erg0,
335 1701 410 1758 quae
433 1691 482 1740 aut
504 1682 623 1739 historia
643 1680 727 1739 nobis
750 1689 799 1738 aut
823 1680 896 1737 ratio
920 1698 999 1737 nova
1025 1677 1129 1739 adfert

77 1783 123 1839 Ita
146 1781 187 1853 fit,
209 1790 241 1838 ut
264 1780 467 1839 mediterranei
492 1797 570 1837 mare
593 1796 657 1837 esse
685 1796 746 1835 non
774 1777 904 1836 credant.
948 1777 1033 1851 Quae
1063 1786 1129 1835 sunt
1142 1802 1165 1841 ις

76 1887 173 1937 tantae
196 1879 285 1936 animi
307 1878 477 1953 angustiae?
517 1878 568 1948 Ut,
592 1877 615 1934 si
639 1876 752 1951 Seriphi
774 1884 858 1933 natus
883 1892 962 1933 esses
984 1893 1042 1933 nec
1065 1894 1129 1935 um-

76 1995 165 2052 quam
180 1994 311 2050 egressus
325 1994 363 2032 ex
375 1975 476 2046 insula,
492 1975 521 2032 in
535 1992 594 2049 qua
610 1973 776 2049 lepusculos
790 1972 1018 2048 vulpeculasque
1039 1990 1129 2048 saepe

75 2073 205 2145 vidisses,
221 2091 281 2130 non
296 2071 429 2130 crederes
443 2073 543 2130 leones
558 2081 587 2130 et
602 2070 758 2146 pantheras
773 2088 846 2142 esse,
861 2089 931 2128 cum
952 2070 1013 2142 tibi,
1028 2070 1129 2145 quales

77 2180 182 2242 essent,
211 2170 375 2243 diceretur;
404 2170 428 2227 si
454 2187 523 2227 vero
552 2169 590 2227 de
619 2168 775 2243 elephanto
801 2168 864 2243 quis
893 2167 1014 2240 diceret,
1040 2169 1130 2227 etiam

38 2273 64 2314 89
76 2267 162 2325 rideri
183 2277 353 2342 reputares
396 2269 435 2324 Et
455 2276 487 2325 tu
508 2266 638 2342 quidem,
652 2265 754 2338 Vellei,
769 2284 831 2324 non
851 2274 947 2324 vestro
968 2284 1060 2338 more,
1075 2264 1130 2324 sed
1142 2293 1167 2320 ω

77 2365 304 2437 dialecticorum,
322 2382 397 2439 quae
414 2364 543 2422 sunditus
564 2382 636 2439 gens
656 2373 751 2422 vestra
770 2382 831 2422 non
852 2364 941 2436 novit,
957 2374 1130 2439 argumenta

77 2464 236 2521 sententiae
261 2462 446 2521 conclusisti:
473 2464 580 2520 Beatos
599 2480 663 2520 esse
685 2461 758 2519 deos
779 2462 935 2536 sumpsisti.
979 2461 1128 2520 Concedi-

32 2565 70 2620 32
78 2580 151 2620 mus
194 2563 318 2619 Beatum
344 2570 442 2617 autem
470 2561 532 2618 sine
556 2560 659 2618 virtute
684 2559 834 2617 neminem
858 2577 922 2618 esse
950 2576 1048 2635 posse.
1091 2558 1130 2619 Id

76 2677 194 2734 quoque
215 2659 329 2730 damus
351 2667 380 2716 et
400 2658 522 2715 libenter
542 2657 673 2733 quidem.
714 2658 859 2715 Virtutem
880 2666 978 2715 autem
999 2657 1062 2715 sine
1083 2676 1128 2715 ra·

76 2757 155 2815 tione
178 2766 310 2815 constare
331 2774 392 2814 non
412 2774 507 2830 posse.
552 2756 715 2814 Conveniat
735 2754 767 2813 id
788 2773 907 2831 quoque
928 2772 1050 2813 necesse
1074 2764 1128 2814 est.
1141 2783 1166 2823 ις

75 2853 236 2929 Adiungis:
258 2871 316 2911 nec
330 2853 471 2911 rationem
487 2841 550 2911 esse
565 2853 619 2911 nisi
634 2852 664 2910 in
679 2852 805 2912 hominis
819 2853 920 2928 figura.
963 2852 1061 2926 Quem
1075 2852 1129 2911 tibi

76 2951 134 3008 hoc
149 2951 282 3008 datumm
297 2951 403 3027 putas?
423 2951 447 3008 si
462 2951 540 3008 enim
555 2951 594 3008 ita
609 2960 694 3023 esset,
709 2950 781 3026 quid
800 2968 874 3026 opus
892 2959 953 3008 erat
974 2958 1002 3007 te
1024 2949 1128 3024 grada-

76 3050 129 3107 tim
157 3049 230 3106 istuc
257 3048 430 3123 pervenire?
456 3049 628 3124 sumpsisses
657 3058 707 3107 tuo
736 3049 805 3108 iure.
849 3048 930 3122 Quid
956 3057 1056 3106 autern
1084 3057 1129 3106 est

76 3147 150 3203 istuc
164 3145 327 3219 gradatim?
347 3164 415 3203 nam
430 3164 447 3203 a
461 3146 553 3205 beatis
567 3145 606 3204 ad
620 3147 764 3219 virtutem,
779 3165 796 3204 a
809 3147 913 3204 virtute
928 3145 967 3203 ad
984 3145 1129 3204 rationem

75 3242 162 3300 video
177 3252 205 3299 te
219 3228 332 3300 venisse
347 3242 503 3319 gradibus;
525 3244 667 3303 aratione
688 3243 726 3302 ad
745 3245 903 3303 humanam
924 3245 1046 3320 figuram
1067 3261 1128 3319 quo
1141 3270 1167 3309 ao

76 3338 167 3397 modo
182 3338 321 3397 accedis?
360 3341 552 3416 Praecipitare
567 3341 642 3399 istuc
657 3341 778 3416 quidem
792 3352 844 3414 est,
859 3361 920 3401 non
935 3341 1127 3401 descendere.

38 3443 63 3483 ⁹⁰
77 3438 143 3494 Nec
156 3455 225 3494 vero
240 3437 385 3513 intellego,
401 3456 452 3494 cur
466 3438 598 3495 maluerit
615 3439 758 3514 Epicurus
780 3438 853 3498 deos
874 3440 1027 3498 hominum
1048 3440 1128 3498 simi-

76 3535 117 3593 les
137 3534 234 3591 dicere
256 3552 344 3607 quam
365 3533 499 3591 homines
520 3533 652 3592 deorum.
695 3536 836 3609 Quaeres,
858 3535 930 3611 quid
951 3536 1062 3594 intersit
1073 3557 1082 3609 3
1104 3538 1128 3597 si

77 3632 155 3689 enim
170 3631 227 3688 hoc
242 3630 280 3687 illi
295 3631 386 3687 simile
401 3631 445 3701 sit,
461 3648 524 3688 esse
546 3630 615 3688 illud
636 3631 713 3690 huic.
754 3632 871 3706 Video;
893 3632 947 3691 sed
968 3633 1025 3691 hoc
1047 3632 1126 3707 dico,

76 3747 138 3787 non
159 3728 196 3787 ab
219 3726 384 3787 hominibus
406 3727 517 3786 formae
539 3727 662 3802 figuram
683 3729 795 3788 venisse
819 3729 858 3789 ad
880 3729 972 3805 deos;
994 3729 1025 3789 di
1047 3731 1128 3791 enim
1141 3754 1166 3795 ³⁵
