2446 4102
261 278 326 327 ura.
340 279 375 328 11.
409 278 470 328 cn.
487 251 775 340 xxxvurjxxxrx.
809 283 933 347 §595-99
1069 285 1128 350 109

69 451 156 492 orum
179 433 290 509 ignium
313 434 450 491 finitimas
474 435 606 510 regiones
629 435 827 494 obscuravisse
852 436 995 509 dicuntur,
1021 447 1053 495 ut
1077 457 1129 513 per

71 531 198 590 biduum
216 549 305 589 nemo
319 531 471 588 hominem
486 532 575 591 homo
590 543 770 607 agnosceret,
786 553 853 591 cum
868 544 966 592 autem
980 537 1064 592 tertio
1079 536 1128 592 die

70 629 116 687 sol
144 629 304 700 inluxisset,
325 638 387 686 tum
415 638 447 686 ut
471 630 608 687 revixisse
633 631 686 687 sibi
711 629 885 688 viderentur.
929 632 1043 704 Quodsi
1070 633 1128 690 hoc

70 725 154 784 idem
169 743 207 782 ex
221 727 344 784 aeternis
358 727 485 783 tenebris
500 728 691 801 contingeret,
707 736 738 783 ut
753 728 848 784 subito
868 728 963 785 lucem
986 730 1128 803 aspicere-

37 841 147 896 smuS,
171 842 316 900 quaenam
338 826 451 899 specics
473 825 546 881 caeli
566 824 733 882 videretur?
774 824 832 883 Sed
857 825 1031 883 adsiduitate
1057 829 1127 884 coti-

72 923 163 980 diana
198 931 228 979 et
263 922 474 979 consuetudine
509 923 660 979 oculorum
695 921 872 979 adsuescunt
907 924 995 980 animi
1032 943 1128 998 neque

71 1020 254 1078 admirantur
267 1037 364 1094 neque
378 1020 527 1094 requirunt
540 1020 666 1076 rationes
689 1037 786 1075 earum
808 1038 913 1090 rerum,
929 1038 1000 1094 quas
1015 1039 1130 1096 semper

70 1117 184 1188 vident,
199 1116 323 1192 proinde
338 1117 420 1191 quasi
433 1117 546 1174 novitas
560 1134 615 1174 nos
634 1117 725 1191 magis
740 1135 827 1191 quam
850 1117 1020 1191 magnitudo
1035 1136 1129 1175 rerum

72 1215 184 1272 debeat
197 1211 236 1270 ad
258 1213 450 1288 exquirendas
465 1231 567 1270 causas
582 1214 718 1271 excitare.
762 1214 834 1286 Quis
850 1215 927 1271 enim
943 1214 1021 1271 hunc
1035 1215 1127 1272 homi·
1142 1229 1167 1273 at

33 1331 59 1358 10
72 1329 143 1370 nem
159 1310 273 1381 dixerit,
285 1310 334 1384 qui
349 1329 416 1367 cum
432 1320 491 1367 tam
506 1321 601 1368 certos
615 1311 688 1368 caeli
703 1321 808 1382 motuS,
823 1320 883 1368 tarn
897 1322 973 1368 ratos
988 1322 1130 1370 astrorum

71 1408 193 1467 ordines
208 1416 327 1482 tamque
342 1408 417 1464 inter
431 1426 461 1465 se
476 1409 576 1465 omnia
597 1426 710 1465 conexa
731 1418 760 1466 et
782 1418 850 1482 apta
865 1408 975 1479 viderit,
992 1419 1079 1484 neget
1099 1409 1130 1467 in

72 1506 117 1564 his
135 1506 225 1562 ullam
247 1505 343 1562 inesse
366 1506 508 1562 rationem
531 1523 624 1580 eaque
648 1524 718 1564 casu
742 1506 803 1563 fieri
828 1506 915 1577 dicat,
931 1524 1005 1581 quae
1020 1517 1129 1582 quanto

72 1603 198 1661 consilio
222 1612 366 1678 gerantur,
381 1603 460 1660 nullo
485 1603 606 1660 consilio
630 1602 752 1678 adsequi
774 1604 950 1677 possumus?
990 1605 1045 1675 An,
1062 1623 1129 1660 cum

73 1700 291 1758 machinatione
307 1698 435 1774 quadam
456 1701 566 1757 moveri
587 1700 696 1774 aliquid
712 1700 854 1771 videmus,
869 1710 901 1757 ut
921 1700 1083 1775 sphaeram,
1099 1709 1131 1758 ut

34 1821 58 1859 15
74 1799 169 1869 horas,
186 1806 218 1854 ut
232 1797 287 1854 alia
300 1798 453 1872 permulta,
469 1816 530 1855 non
544 1797 720 1869 dubitamus,
735 1798 805 1872 quin
828 1798 875 1854 illa
897 1815 987 1871 opera
1008 1797 1065 1854 sint
1086 1817 1129 1855 ra-

73 1896 161 1954 tionis
173 1915 182 1967 ;
216 1913 284 1951 cum
312 1905 410 1952 autem
437 1895 580 1970 impetum
605 1895 678 1952 caeli
702 1914 770 1952 cum
795 1894 957 1952 admirabili
982 1895 1129 1953 celeritate

73 1993 186 2051 moveri
206 1993 337 2067 vertique
360 1991 511 2050 videamus
534 1992 766 2050 constantissime
790 1992 997 2049 conficientem
1019 1992 1128 2050 vicissi-

73 2090 192 2149 tudines
208 2090 416 2148 anniversarias
431 2109 500 2147 cum
515 2108 629 2147 summa
649 2090 739 2147 salute
755 2099 784 2146 et
798 2089 1019 2146 conservatione
1033 2107 1130 2147 rerum

73 2188 217 2258 omnium,
233 2186 408 2259 dubitamus,
424 2188 495 2261 quin
510 2204 546 2244 ea
559 2205 620 2244 non
634 2187 730 2244 solum
748 2186 858 2243 ratione
880 2185 959 2257 fiant,
974 2185 1027 2243 sed
1042 2186 1129 2243 etiam

34 2312 60 2339 ω
74 2284 229 2344 excellenti
244 2283 400 2358 divinaque
415 2285 549 2342 ratione?
569 2284 638 2341 licet
658 2282 737 2340 enim
760 2283 818 2339 iam
840 2292 953 2339 remota
975 2283 1129 2341 subtilitate
1143 2300 1168 2342 aa

73 2380 245 2458 disputandi
273 2381 364 2439 oculis
388 2381 519 2456 quodam
548 2381 639 2439 modo
667 2380 857 2454 contemplari
885 2380 1130 2454 pulchritudinem

72 2498 171 2538 rerum
191 2497 300 2550 earum,
321 2497 393 2553 quas
412 2478 512 2536 divina
531 2478 715 2553 providentia
735 2476 860 2534 dicimus
880 2477 1060 2535 constitutas.

113 2579 159 2635 Ac
181 2576 325 2650 principio
347 2584 422 2632 terra
442 2576 575 2633 universa
598 2585 739 2645 cernatur,
762 2575 858 2631 locata
881 2573 911 2630 in
935 2573 1033 2630 media
1057 2573 1127 2632 sede
1136 2582 1173 2638 39

72 2672 187 2745 mundi,
203 2671 297 2730 solida
318 2681 347 2729 et
368 2673 491 2748 globosa
511 2682 540 2730 et
561 2671 691 2747 undique
714 2673 776 2746 ipsa
797 2671 827 2728 in
849 2689 912 2728 sese
934 2671 1051 2728 nutibus
1072 2671 1130 2730 suis

34 2795 58 2833 ιε
74 2771 261 2846 conglobata,
276 2770 379 2827 vestita
400 2769 528 2839 floribuS,
546 2769 652 2840 herbis,
670 2769 827 2839 arboribus,
848 2768 983 2842 frugibus,
1007 2786 1130 2842 quorum

73 2869 208 2927 omnium
227 2866 404 2924 incredibilis
426 2866 582 2925 multitudo
604 2867 757 2924 insatiabili
777 2866 914 2922 varietate
937 2864 1129 2940 distinguitur.

72 2965 162 3025 Adde
178 2964 236 3022 huc
250 2964 374 3022 fontium
388 2964 499 3040 gelidas
514 2964 720 3039 perennitates
737 2964 863 3037 liquores
883 2962 1047 3037 perlucidos
1069 2981 1129 3020 am·

73 3065 165 3135 nium,
180 3063 307 3138 riparum
321 3063 440 3120 vestitus
455 3062 651 3132 viridissimos,
675 3059 878 3135 speluncarum
901 3078 1045 3116 concavas
1067 3060 1129 3116 alti·

73 3161 201 3232 tudines
231 3179 366 3218 saxorum
393 3160 571 3234 asperitates,
599 3158 822 3234 inpendentium
858 3157 999 3214 montium
1035 3157 1128 3215 altitu-

35 3288 59 3326 30
73 3261 159 3319 dines
182 3259 438 3333 inmensitatesque
461 3275 631 3332 camporum
642 3278 650 3329 ;
672 3256 750 3315 adde
772 3257 859 3313 etiam
881 3255 1047 3313 reconditas
1069 3256 1130 3313 auri

72 3358 246 3435 argentique
271 3374 359 3414 venas
384 3356 584 3430 infinitamque
609 3356 668 3412 vim
693 3356 852 3413 marmoris.
898 3355 981 3428 Quae
1005 3370 1075 3410 vero
1100 3362 1130 3410 et
1143 3373 1168 3412 99

71 3475 163 3533 quam
187 3455 267 3512 varia
295 3472 404 3530 genera
430 3454 586 3512 bestiarum
610 3453 656 3510 vel
685 3453 813 3510 cicurum
837 3453 882 3509 vel
908 3453 1050 3510 serarum!
1079 3450 1129 3524 qui

70 3553 236 3613 volucrium
257 3552 353 3627 lapsus
368 3561 454 3626 atque
470 3554 591 3610 cantus!
613 3551 662 3625 qui
678 3550 825 3625 pecudum
841 3553 959 3624 pastus!
981 3567 1056 3623 quae
1071 3547 1129 3604 vita

71 3651 267 3712 silvestrium!
310 3648 391 3724 Quid
410 3650 468 3707 iam
489 3648 527 3706 de
549 3649 700 3706 hominum
721 3666 827 3722 genere
843 3647 961 3705 dicam?
982 3646 1031 3719 qui
1047 3645 1129 3719 quasi

35 3775 58 3813 as
71 3750 201 3808 cultores
229 3754 322 3804 terrae
351 3746 499 3804 constituti
527 3764 588 3804 non
613 3746 759 3821 patiuntur
784 3762 849 3801 eam
873 3762 930 3800 nec
959 3740 1128 3799 inmanitate
