2446 4102
303 277 369 330 Lus.
382 278 433 330 111.
466 277 797 339 cmxxxmxxxrv,
831 281 961 345 §pseu
1096 271 1153 352 163

102 433 135 492 in
152 433 217 508 ipso
233 434 375 493 Graeciae
389 432 459 491 flore
482 433 662 493 Pisistratus!
704 436 744 492 At
765 435 900 507 Phalaris,
916 446 946 494 at
959 439 1155 513 Apollodorus

101 548 216 607 poenas
233 531 355 589 sustulit.
397 531 497 589 Multis
518 530 638 606 quidem
660 541 727 590 ante
749 533 882 591 cruciatis
904 543 933 591 et
954 537 1074 594 necatis.
1117 538 1155 596 Et

101 627 271 704 praedones
285 627 366 685 multi
380 645 468 703 saepe
483 645 595 702 poenas
607 628 687 700 dant,
703 648 759 686 nec
773 640 872 688 tamen
887 634 1042 706 possumus
1057 633 1154 692 dicere

101 743 164 783 non
193 723 281 801 pluris
309 725 439 800 captivos
466 724 571 783 acerbe
597 743 686 800 quam
714 727 878 800 praedones
906 740 1034 787 necatos.
1077 734 1153 789 Ana-

68 849 81 887 s
101 822 244 881 xarchum
259 823 480 880 Democriteum
494 840 511 878 a
526 823 635 897 Cyprio
650 833 772 898 tyranno
788 826 1024 884 excarnificatum
1039 830 1154 903 accepi·

102 938 179 989 mus,
192 921 344 978 Ze110nem
366 919 454 978 Eleae
475 920 505 977 in
527 921 679 978 tormentis
704 931 851 979 necatum.
894 923 975 997 Quid
996 923 1094 982 dicam
1116 925 1153 983 de

101 1016 231 1088 Socrate,
247 1016 329 1074 cuius
346 1012 439 1073 'morti
464 1016 635 1075 inlacrimari
660 1018 742 1075 soleo
768 1019 920 1077 Platonem
944 1020 1063 1094 legens?
1104 1023 1153 1080 Vi·

100 1111 194 1171 desne
214 1113 300 1189 igitur
320 1112 442 1171 deorum
464 1113 582 1186 iudicio,
598 1114 622 1171 si
642 1114 743 1172 vident
763 1133 808 1172 res
831 1115 980 1187 humanas,
996 1116 1153 1175 discrimen

100 1227 166 1268 esse
181 1210 347 1269 sublatum?
388 1210 539 1285 Diogenes
554 1210 674 1286 quidem
689 1212 817 1286 Cynicus
838 1212 934 1269 dicere
950 1214 1060 1271 solebat
1076 1216 1151 1272 Har-

61 1338 87 1366 ω
99 1307 211 1383 palum,
226 1308 276 1383 qui
289 1308 470 1383 temporibus
492 1308 544 1365 illis
566 1308 677 1383 praedo
692 1309 760 1366 felix
781 1308 949 1381 habebatur,
966 1321 1066 1367 contra
1081 1311 1153 1370 deos

98 1405 300 1463 testimonium
317 1404 424 1477 dicere,
440 1404 521 1480 quod
540 1405 570 1462 in
591 1406 639 1463 illa
652 1406 767 1463 sortuna
788 1416 847 1463 tam
870 1405 919 1463 diu
941 1407 1057 1466 viveret.
1101 1409 1152 1466 Di-

99 1501 228 1578 onysius,
258 1501 296 1560 de
325 1520 384 1577 quo
411 1512 479 1560 ante
508 1502 577 1573 dixi,
601 1521 675 1567 cum
703 1502 802 1560 sanum
834 1504 1023 1578 Proserpinae
1053 1505 1152 1564 Locris

99 1599 294 1674 expilavisset,
323 1599 477 1673 navigabat
507 1599 659 1674 Syracusas
671 1619 679 1670 3
712 1599 793 1674 isque
826 1618 894 1657 cum
929 1600 1152 1661 secundissumo

98 1705 189 1754 vento
214 1713 331 1754 cursum
355 1705 476 1767 teneret,
501 1696 599 1754 ridens
622 1695 861 1769 ‘Videtisne',
883 1696 985 1772 inquit,
1008 1699 1151 1771 ‘amici,

61 1810 207 1869 esquam
231 1793 327 1851 bona
346 1812 364 1850 a
385 1793 441 1850 dis
463 1792 720 1851 inmortalibus
741 1794 934 1868 navigatio
956 1795 1151 1870 sacrilegis

99 1888 245 1948 detur?'
288 1889 383 1965 quue
398 1890 488 1948 homo
504 1901 606 1948 acutus
622 1909 689 1947 curn
704 1889 780 1948 bene
798 1890 942 1966 planeque
962 1893 1151 1967 percepisset,

99 1987 130 2046 in
152 1986 258 2067 eadem
279 1987 424 2045 sententia
444 1985 655 2062 perseverabat.
699 1987 758 2061 Qui
777 2005 845 2044 cum
860 1986 899 2044 ad
914 1988 1151 2063 Peloponnesum

100 2083 223 2142 classem
245 2084 404 2161 appulisset
424 2093 454 2142 et
474 2085 504 2141 in
525 2084 624 2142 fanum
641 2084 768 2141 venisset
782 2085 859 2142 Iovis
878 2084 1016 2160 Olympii,
1031 2104 1151 2144 aureum

99 2180 128 2240 ei
153 2179 277 2239 detraxit
302 2182 459 2239 amiculum
487 2180 590 2256 grandi
617 2179 758 2256 pondere,
781 2198 841 2255 quo
870 2182 972 2238 Iovem
997 2193 1112 2240 ornarat
1132 2201 1149 2240 e

59 2279 244 2337 „manubiis
265 2278 550 2353 Karthaginiensium
575 2287 712 2352 tyrannus
734 2278 820 2348 Gelo,
839 2287 926 2353 atque
948 2279 978 2337 in
1003 2297 1039 2336 eo
1063 2280 1150 2337 etiam

98 2375 248 2434 cavillatus
262 2385 306 2434 est
319 2386 428 2433 aestate
449 2393 535 2450 grave
557 2393 621 2433 esse
642 2393 762 2432 aureum
781 2375 948 2447 amiculum,
964 2375 1060 2434 hieme
1075 2377 1150 2452 frigi·

98 2471 182 2545 dum,
198 2473 283 2548 eique
297 2472 414 2530 laneum
428 2473 546 2549 pallium
561 2471 669 2544 iniecit,
686 2490 753 2529 cum
768 2471 799 2529 id
813 2490 876 2530 esse
892 2483 992 2547 aptum
1007 2471 1046 2529 ad
1060 2492 1149 2531 omne

97 2569 169 2628 anni
189 2578 305 2646 tempus
330 2569 450 2628 diceret.
493 2569 636 2644 Idemque
664 2569 831 2643 Aesculapii
860 2568 1000 2644 Epidauri
1028 2569 1149 2627 barbam

97 2685 217 2725 auream
244 2666 324 2725 demi
352 2667 452 2739 iussit,
486 2683 583 2741 neque
611 2665 690 2723 enim
719 2666 875 2723 convenire
903 2666 1057 2724 barbatum
1085 2684 1148 2724 esse

57 2792 83 2832 ι,
96 2764 198 2835 filium,
214 2782 282 2821 cum
296 2765 327 2822 in
341 2764 476 2822 omnibus
491 2763 563 2821 sanis
578 2772 660 2837 pater
680 2763 807 2821 inberbis
825 2772 910 2821 esset.
954 2764 1051 2821 Etiam
1066 2781 1147 2821 men-

1160 1188 1198 1296 {34

1161 2777 1187 2820 st

96 2878 144 2921 sas
159 2870 309 2937 argenteas
324 2861 362 2919 de
384 2860 519 2919 omnibus
541 2859 666 2918 delubris
688 2860 769 2918 iussit
789 2860 902 2932 auferri,
917 2860 1065 2935 inquibus
1081 2879 1149 2918 cum
1165 2919 1167 2924 ,

96 2975 180 3018 more
201 2959 305 3016 veteris
327 2958 467 3018 Graeciae
489 2957 659 3033 inscriptum
687 2966 763 3014 esset
782 2973 927 3016 nouorum
948 2973 1083 3028 osonum,
1107 2958 1149 3015 uti

96 3072 128 3115 se
150 3073 252 3114 eorum
273 3055 403 3114 bonitate
424 3055 497 3113 velle
522 3053 648 3113 dicebat.
692 3053 777 3112 Idem
800 3054 973 3111 Victoriolas
997 3072 1097 3112 aureas
1119 3064 1149 3112 et

95 3162 210 3229 pateras
225 3169 415 3227 coronasque,
430 3169 506 3226 quae
521 3150 740 3208 simulacrorum
761 3151 900 3226 porrectis
915 3152 1049 3209 manibus
1064 3152 1147 3209 susti-

56 3250 249 3321 ponebantur,
277 3249 340 3308 sine
368 3247 550 3307 dubitatione
580 3247 700 3305 tollebat
733 3265 825 3322 eaque
854 3266 885 3305 se
914 3248 1058 3322 accipere,
1087 3267 1147 3306 non

94 3348 207 3406 auferre
229 3345 346 3405 dicebat
356 3365 365 3418 ;
387 3363 451 3404 esse
473 3345 552 3403 enim
573 3345 731 3416 stultitiam,
752 3363 770 3402 a
790 3344 895 3420 quibus
915 3345 995 3403 bona
1015 3362 1146 3419 precare-

94 3463 169 3517 mur,
184 3444 222 3504 ab
237 3444 271 3502 iis
285 3442 496 3520 porrigentibus
511 3452 540 3500 et
555 3442 691 3501 dantibus
706 3442 782 3500 nolle
798 3460 921 3500 sumere.
952 3442 1146 3516 Eundernque

93 3542 191 3600 serunt
212 3542 295 3613 haec,
310 3557 385 3615 quae
407 3539 476 3612 dixi,
491 3539 604 3598 sublata
624 3538 662 3597 de
684 3539 756 3596 fanis
777 3539 807 3597 in
827 3539 922 3597 iorum
944 3539 1096 3614 protulisse
1118 3546 1147 3596 et

93 3655 147 3716 per
160 3655 339 3714 praeconem
353 3635 519 3695 vendidisse
539 3644 699 3710 exactaque
720 3637 847 3710 pecunia
861 3635 995 3706 edixisse,
1010 3645 1050 3706 ut,
1066 3633 1147 3710 quod

55 3764 81 3805 ,ς
94 3734 220 3813 quisque
235 3751 254 3794 a
267 3733 355 3794 sacris
369 3732 498 3807 haberet,
513 3731 544 3792 id
559 3742 626 3790 ante
648 3731 727 3791 diem
748 3743 859 3791 certam
873 3733 903 3790 in
917 3751 1002 3789 suum
1017 3730 1146 3806 quidque
