2446 4102
319 273 385 321 um.
403 273 438 322 11.
473 269 713 321 cauum-mx.
749 272 880 336 §545-49.
1085 272 1126 337 93

65 424 151 502 quod
172 425 245 484 mihi
264 434 363 484 tamen
384 426 481 501 ipsum
502 445 562 484 non
576 425 707 498 videtur,
729 425 801 500 quid
824 425 902 482 enim
925 424 1073 498 pulchrius
1094 443 1129 482 ea

64 525 166 600 figura,
188 542 264 598 quae
286 524 348 581 sola
368 525 462 582 omnis
484 523 553 580 alias
576 524 680 597 figuras
704 523 859 597 complexa
882 523 1021 592 continet,
1038 542 1128 597 quae-

64 640 124 696 que
139 621 212 679 nihil
224 621 385 695 asperitatis
400 621 517 691 habere,
530 620 600 677 nihil
615 621 782 677 offensionis
798 628 904 693 potest,
917 620 989 676 nihil
1003 621 1127 679 incisum

64 720 187 795 anguliS,
197 718 268 775 nihil
278 718 462 789 anfractibus
472 718 542 774 nihil
553 718 693 787 eminens,
706 717 777 774 nihil
791 718 985 775 lacunosum?
1000 737 1127 794 cumque

33 818 47 880 ε’
66 817 144 874 duae
159 817 270 874 formae
285 825 465 890 praestantes
480 815 544 885 sint,
557 833 593 871 ex
608 814 706 871 solidis
718 815 820 888 globus
838 815 894 889 (sic
909 816 987 872 enim
1002 819 1127 891 σφαῖραν

65 914 246 988 interpretari
258 912 383 987 placet),
396 931 432 969 ex
446 912 539 987 planis
555 921 652 969 autem
669 912 791 968 circulus
807 921 856 968 aut
868 913 953 982 orbiS,
965 914 1014 987 qui
1026 913 1126 974 κύκλος

66 1013 181 1069 Graece
197 1008 310 1080 dicitur,
326 1009 370 1066 his
385 1008 498 1066 duabus
512 1009 610 1066 formis
625 1009 767 1083 contingit
782 1010 857 1079 solis,
868 1019 899 1066 ut
913 1029 1015 1067 omnes
1027 1028 1126 1067 earum

64 1118 162 1182 partes
177 1108 234 1164 sint
248 1108 322 1164 inter
336 1124 367 1164 se
387 1107 557 1164 simillumae
569 1105 753 1180 amedioque
765 1108 937 1164 tantundem
948 1108 1022 1164 absit
1034 1118 1126 1166 extre-

65 1223 158 1275 mum,
170 1222 229 1278 quo
245 1203 315 1260 nihil
328 1203 389 1260 fieri
404 1213 501 1277 potest
515 1203 619 1277 aptius
660 1204 718 1261 Sed
733 1204 756 1261 si
771 1204 843 1260 haec
858 1223 918 1261 non
932 1204 1045 1275 videtis,
1058 1207 1126 1279 quia
1137 1216 1164 1257 ta

27 1333 52 1358 10
65 1320 230 1376 numquam
241 1299 387 1358 eruditum
398 1301 478 1358 illurn
489 1301 637 1375 pulverem
652 1302 791 1376 attigistis,
803 1321 840 1358 ne
853 1302 910 1359 hoc
922 1302 1040 1376 quidem
1053 1304 1126 1378 phy-

65 1400 119 1459 sici
134 1399 301 1474 intellegere
315 1399 457 1473 potuistis,
469 1398 544 1455 hanc
557 1400 791 1472 aequabilitatem
807 1410 902 1456 motus
918 1401 1127 1457 constantiam-

65 1514 124 1572 que
147 1495 283 1553 ordinum
304 1496 334 1552 in
348 1495 403 1552 alia
417 1492 509 1569 figura
529 1515 589 1552 non
612 1497 740 1570 potuisse
763 1498 886 1554 servari?
929 1498 1031 1570 ltaque
1054 1488 1134 1554 nihil

65 1605 165 1671 potest
187 1612 249 1652 esse
271 1593 427 1663 indoctius
442 1612 530 1668 quarn
546 1592 625 1667 quod
647 1595 759 1651 avobis
773 1594 918 1651 adfirmari
934 1594 1014 1651 solet.
1059 1596 1128 1651 Nec

66 1695 146 1751 enirn
168 1692 246 1749 hunc
272 1692 368 1766 ipsum
392 1690 534 1747 mundum
558 1709 611 1765 pro
634 1700 714 1748 certo
737 1690 895 1747 rotundum
920 1709 983 1747 esse
1009 1692 1103 1748 dicitis
1115 1713 1128 1764 ;

28 1816 52 1852 15
65 1810 136 1848 nam
151 1807 237 1864 posse
252 1789 323 1859 fieri,
337 1798 370 1845 ut
384 1789 420 1845 sit
435 1789 489 1844 alia
503 1788 602 1862 ligura,
615 1789 896 1862 innumerabilesque
913 1788 1038 1846 mundos
1053 1789 1126 1846 alios

66 1889 187 1945 aliarum
210 1904 273 1944 esse
297 1887 462 1943 formarum.
506 1886 600 1959 Quae,
621 1886 653 1955 si,
675 1885 719 1943 bis
742 1885 811 1942 bina
833 1896 905 1959 quot
927 1896 1032 1956 essent,
1048 1885 1122 1943 didi·
1136 1897 1162 1938 49

66 1987 155 2043 cisset
178 1985 331 2058 Epicurus,
355 1993 432 2040 certe
456 2001 517 2039 non
542 1982 671 2052 diceret,
701 1982 753 2040 sed
776 1982 848 2039 dum
871 1983 978 2057 palato,
994 1982 1064 2057 quid
1088 1984 1124 2041 sit

66 2084 221 2158 optimum,
243 2081 362 2151 iudicat,
386 2080 498 2137 ‘caeli
521 2080 709 2154 palatum’,
730 2089 762 2136 ut
783 2080 822 2136 ait
844 2081 965 2151 Ennius,
981 2099 1041 2137 non
1063 2099 1122 2138 sus-

65 2180 157 2255 pexit.
203 2179 281 2236 Nam
305 2197 374 2236 cum
399 2176 459 2235 duo
484 2178 540 2234 sint
564 2194 671 2251 genera
695 2177 831 2247 siderum,
850 2196 974 2250 quorum
1000 2177 1119 2234 altemm
1129 2179 1166 2233 19

27 2300 53 2326 20
66 2277 167 2352 spatiis
192 2275 406 2334 inmutabilibus
432 2274 470 2332 ab
495 2284 558 2331 ortu
583 2273 621 2330 ad
649 2292 787 2331 occasum
813 2292 984 2331 commeans
1012 2275 1122 2331 nullum

65 2392 208 2448 umquam
224 2391 322 2430 cursus
338 2373 380 2429 sui
395 2372 549 2446 vestigium
570 2371 707 2441 inflectat,
722 2372 844 2428 alterum
855 2381 953 2429 autem
969 2372 1121 2429 continuas

66 2472 274 2530 conversiones
288 2470 361 2528 duas
381 2468 476 2526 isdem
498 2470 596 2543 spatiis
618 2470 805 2542 cursibusque
827 2469 973 2539 conficiat,
990 2487 1026 2526 ex
1047 2479 1122 2525 utra·

65 2588 124 2644 que
140 2587 170 2627 re
187 2578 215 2625 et
230 2567 332 2625 mundi
345 2567 517 2637 volubilitas,
532 2584 607 2640 quae
623 2566 677 2622 nisi
699 2566 728 2622 in
743 2566 863 2640 globosa
877 2567 970 2624 forma
984 2585 1047 2624 esse
1062 2585 1122 2623 non

64 2675 176 2743 posset,
192 2674 222 2723 et
236 2666 380 2723 stellarum
397 2663 515 2722 rotundi
537 2664 662 2720 ambitus
684 2673 908 2737 cognoscuntur.
952 2664 1121 2737 Primusque

27 2788 51 2826 25
65 2765 118 2836 sol,
135 2764 186 2838 qui
200 2773 340 2820 astrorum
354 2771 435 2821 tenet
452 2761 656 2836 principatum,
671 2761 712 2817 ita
732 2771 872 2833 movetur,
888 2772 927 2831 ut,
944 2780 1012 2819 cum
1033 2772 1121 2818 terras

64 2865 145 2938 larga
159 2862 224 2919 luce
240 2860 437 2936 compleverit,
454 2859 574 2916 easdem
592 2858 683 2917 modo
699 2859 752 2929 his,
769 2859 859 2917 modo
875 2860 927 2916 illis
942 2878 978 2916 ex
992 2859 1120 2934 partibus

65 2970 194 3037 opacet3
215 2959 278 3034 ipsa
299 2960 377 3016 enim
399 2958 502 3016 umbra
524 2967 615 3015 terrae
639 2958 692 3015 soli
716 2957 847 3015 officiens
871 2967 990 3014 noctem
1013 2957 1101 3014 efficit
1111 2978 1120 3029 ;

64 3068 276 3117 nocturnorum
304 3067 401 3115 autern
431 3057 590 3131 spatiorum
619 3055 724 3114 eadem
754 3066 796 3112 est
824 3055 1020 3128 aequabilitas,
1045 3072 1120 3127 quae

65 3157 256 3227 diumorum3
279 3154 470 3229 eiusdemque
492 3155 558 3212 solis
580 3164 642 3211 tum
658 3173 793 3212 accessus
816 3152 933 3223 modici,
949 3162 1011 3208 tum
1025 3170 1120 3209 reces-

27 3281 52 3317 30
64 3273 113 3312 sus
137 3262 166 3310 et
187 3253 296 3327 frigoris
318 3262 348 3310 et
370 3253 472 3309 caloris
499 3251 619 3310 modum
645 3261 809 3327 temperant
820 3273 827 3323 3
850 3250 1017 3307 circumitus
1043 3250 1121 3308 enim

65 3352 134 3409 solis
149 3350 263 3407 orbium
277 3367 297 3407 v
311 3359 339 3407 et
354 3367 393 3408 Lx
408 3359 436 3408 et
451 3367 506 3408 ccc
520 3360 621 3424 quarta
635 3351 693 3407 sere
709 3350 767 3407 diei
789 3359 870 3424 parte
885 3348 985 3405 addita
1000 3365 1120 3404 conver·

65 3450 181 3506 sionem
195 3448 355 3505 conficiunt
369 3466 505 3518 annuam,
521 3447 672 3505 inflectens
689 3456 787 3504 autem
810 3447 852 3505 sol
874 3466 990 3503 cursum
1005 3455 1067 3502 tum
1082 3445 1120 3503 ad

64 3546 287 3621 septentriones,
310 3555 372 3602 tum
399 3544 438 3602 ad
464 3545 616 3602 meridiem
640 3554 763 3602 aestates
789 3555 817 3602 et
842 3545 953 3602 hiemes
979 3542 1068 3599 efficit
1092 3553 1121 3599 et

64 3663 101 3702 ea
122 3642 183 3700 duo
205 3652 345 3719 tempora,
367 3660 491 3717 quorum
513 3643 632 3699 alterum
654 3642 743 3698 hiemi
765 3642 929 3700 senescenti
950 3640 1121 3698 adiunctum

27 3763 51 3801 as
65 3751 118 3813 est,
140 3739 262 3798 altemm
287 3739 397 3798 aestati.
441 3740 486 3797 Ita
510 3757 546 3797 ex
567 3748 703 3814 quattuor
724 3748 890 3814 temporum
913 3738 1121 3796 mutationibus
