2446 4102
107 253 157 315 68⁴
436 268 484 316 nn
506 267 653 317 NATURA
674 266 835 319 DEORUM.

107 423 248 479 trinsecus
260 443 266 492 ;
300 440 374 496 quae
400 421 519 495 quidem
548 422 646 478 omnia
674 431 740 479 sunt
767 423 859 497 patria
882 423 1046 481 Democriti
1071 441 1162 499 quam

64 538 99 576 rar
108 519 280 576 Democrito
296 519 436 592 digniora.
480 519 553 591 Quis
568 519 646 575 enim
670 519 737 576 istas
757 519 896 593 imagines
918 521 1161 596 conprehendere

108 617 205 674 animo
220 617 337 690 potest?
354 617 417 689 quis
433 615 587 673 admirari?
608 615 672 689 quis
686 625 736 673 aut
751 617 829 674 cultu
844 627 893 674 aut
909 617 1046 692 religione
1058 618 1162 694 dignas

107 714 257 771 iudicare?
299 713 442 787 Epicurus
464 730 532 769 vero
556 730 592 768 ex
616 713 719 770 animis
741 712 894 770 hominum
913 715 1036 771 extraxit
1056 706 1161 772 radici·

107 823 153 870 tus
174 813 352 886 religionem,
368 830 436 868 cum
459 810 503 868 dis
526 810 724 868 inmortalibus
747 820 776 867 et
797 829 886 885 opem
906 822 935 868 et
953 813 1075 886 gratiam
1101 833 1193 876 sus-s

107 911 179 967 tulit.
223 911 299 967 Cum
322 910 400 966 enim
423 909 564 982 optimam
594 917 623 964 et
650 908 926 982 praestantissimam
954 918 1089 967 naturam
1115 910 1164 969 dei

108 1008 186 1065 dicat
212 1026 284 1078 esse,
306 1017 394 1081 negat
421 1006 501 1064 idem
525 1023 588 1063 esse
617 1005 646 1062 in
672 1005 730 1063 deo
754 1007 895 1081 gratiam,
926 1007 999 1064 tollit
1020 1006 1060 1078 id,
1081 1007 1163 1082 quod

108 1106 233 1162 maxime
266 1105 415 1180 proprium
445 1113 488 1161 θεῖ
518 1103 646 1178 optimae
678 1105 1001 1179 praestantissimaeque
1032 1114 1162 1164 naturae.

109 1202 188 1276 Quid
211 1204 288 1259 enim
311 1203 413 1259 melius
435 1212 484 1259 aut
499 1200 570 1276 quid
584 1201 775 1276 praestantius
793 1201 923 1259 bonitate
945 1211 975 1258 et
992 1203 1162 1261 beneficen-

109 1301 167 1358 tia?
210 1301 276 1373 Qua
299 1319 366 1357 cum
389 1317 487 1356 carere
510 1297 600 1355 deum
617 1299 710 1370 vultis,
734 1299 883 1356 neminem
908 1297 967 1356 deo
990 1318 1047 1357 nec
1072 1298 1163 1358 deum
1176 1330 1200 1356 10

108 1415 164 1454 nec
189 1398 338 1454 hominem
363 1416 471 1468 carum,
495 1397 643 1453 neminem
665 1397 701 1454 ab
727 1415 763 1453 eo
784 1397 883 1467 amari,
909 1397 1059 1454 neminem
1084 1397 1165 1473 diligi

108 1496 200 1552 vultis.
244 1497 289 1551 Ita
313 1495 353 1565 fit,
378 1504 410 1552 ut
437 1512 497 1551 non
526 1493 617 1550 modo
646 1493 780 1551 homines
809 1512 826 1550 a
854 1493 925 1565 deis,
952 1493 1007 1551 sed
1035 1495 1091 1570 ipsi
1115 1494 1165 1553 dei

65 1596 103 1650 44
111 1593 184 1648 inter
204 1611 235 1648 se
251 1593 287 1649 ab
302 1593 362 1649 aliis
384 1592 430 1648 alii
451 1591 648 1665 neglegantur.
692 1591 810 1664 Quanto
834 1591 923 1649 Stoici
947 1591 1059 1664 melius,
1075 1594 1126 1668 qui
1147 1613 1166 1650 a

108 1691 190 1747 vobis
214 1688 484 1763 reprehenduntur!
528 1689 659 1747 Censent
684 1699 783 1745 autem
811 1689 957 1763 sapientes
984 1691 1164 1765 sapientibus

110 1788 197 1843 etiam
220 1788 325 1860 ignotis
348 1804 411 1843 esse
434 1787 554 1843 amicos.
597 1786 677 1842 Nihil
700 1795 743 1843 θεῖ
766 1787 845 1844 enim
866 1788 969 1845 virtute
992 1788 1144 1846 amabilius
1156 1808 1164 1860 ;
1179 1814 1201 1852 ις

109 1903 197 1958 quam
213 1884 261 1956 qui
276 1883 400 1958 adeptus
419 1884 480 1954 erit,
496 1884 672 1957 ubicumque
695 1884 747 1940 erit
768 1884 909 1958 gentium,
924 1903 942 1941 a
962 1885 1048 1942 nobis
1064 1885 1164 1961 dilige-

65 1998 100 2036 rm
109 1992 162 2038 tur.
204 1983 264 2038 Vos
286 1991 384 2037 autem
405 1980 476 2054 quid
497 1981 564 2037 mali
585 1980 668 2051 datis,
684 1999 752 2037 cum
767 1983 798 2037 in
821 1981 1007 2039 inbecillitate
1022 1983 1165 2056 gratifica-

109 2079 219 2135 tionem
248 2088 277 2135 et
300 2079 525 2136 benivolentiam
549 2078 676 2152 ponitis!
718 2079 760 2136 Ut
783 2079 861 2135 enim
888 2079 1021 2136 omittam
1046 2080 1107 2137 vim
1135 2090 1165 2138 et

109 2186 240 2232 naturam
265 2175 397 2246 deorum,
422 2194 459 2232 ne
485 2175 618 2232 homines
643 2175 763 2249 quidem
793 2177 926 2247 censetis,
953 2177 1009 2233 nisi
1037 2177 1167 2236 inbecilli

110 2284 214 2342 essent,
230 2274 338 2330 futuros
360 2273 509 2330 beneficos
525 2282 553 2329 et
568 2272 710 2346 benignos
733 2273 842 2330 fuisse?
885 2274 972 2331 Nulla
995 2284 1040 2331 est
1062 2275 1165 2334 caritas
1178 2299 1202 2326 ω

109 2371 243 2426 naturalis
265 2372 338 2426 inter
358 2371 475 2427 bonos?
516 2371 644 2427 Carum
668 2371 764 2444 ipsum
788 2372 909 2429 verbum
929 2382 973 2428 est
996 2373 1114 2444 amoriS,
1130 2391 1166 2430 ex

109 2486 169 2541 qno
184 2468 327 2523 amicitiae
342 2485 451 2523 nomen
466 2477 510 2524 est
524 2466 666 2540 ductum,
689 2487 778 2543 quam
793 2470 817 2525 si
832 2468 870 2526 ad
885 2470 1012 2526 fructum
1033 2479 1165 2528 nostrum

109 2566 273 2634 referemus,
296 2583 356 2621 non
379 2563 417 2621 ad
440 2565 511 2621 illius
537 2565 705 2637 commoda,
722 2584 810 2640 quem
836 2565 999 2639 diligemus,
1022 2585 1085 2624 non
1113 2568 1166 2625 erit

109 2663 162 2718 ista
176 2663 310 2731 amicitia,
326 2661 378 2718 sed
393 2672 555 2719 mercatura
570 2662 716 2737 quaedam
734 2664 888 2721 utilitatum
910 2681 1037 2721 suarum.
1081 2665 1166 2722 Prata

109 2769 137 2816 et
159 2779 224 2816 arva
239 2769 267 2815 et
282 2758 431 2832 pecudum
453 2778 554 2834 greges
578 2761 735 2835 diliguntur
758 2761 813 2818 isto
834 2760 934 2832 mod0,
951 2760 1033 2835 quod
1056 2762 1165 2820 fructus
1178 2783 1200 2820 τε

109 2874 145 2913 ex
175 2858 208 2913 iis
242 2857 402 2930 capiuntur,
431 2857 584 2915 hominum
614 2860 717 2915 caritas
746 2867 774 2915 et
803 2858 931 2915 amicitia
959 2859 1084 2932 gratuita
1112 2868 1164 2917 est.

110 2955 227 3026 Quanto
250 2954 334 3027 igitur
355 2955 445 3028 magis
468 2955 599 3026 deorum,
623 2956 673 3030 qui
694 2955 773 3012 nulla
794 2973 824 3012 re
847 2964 968 3029 egentes
986 2964 1017 3013 et
1034 2955 1111 3014 inter
1134 2974 1164 3015 se

109 3051 229 3125 diligunt
245 3061 273 3107 et
288 3051 453 3110 hominibus
477 3054 650 3111 consulunt!
690 3053 779 3126 Quod
792 3053 823 3109 ni
837 3053 876 3110 ita
890 3053 934 3124 sit,
950 3052 1022 3126 quid
1044 3071 1164 3112 venera·

109 3168 180 3219 mur,
196 3148 267 3223 quid
291 3167 444 3223 precamur
467 3151 561 3208 deos?
582 3169 633 3208 cur
654 3151 741 3208 sacris
766 3150 929 3225 pontifices,
952 3169 1005 3207 cur
1027 3151 1164 3226 auspiciis

109 3265 229 3320 augures
257 3250 415 3320 praesunt?
442 3247 513 3321 quid
542 3257 676 3322 optamus
705 3267 722 3304 a
750 3248 812 3305 deis
840 3248 1063 3306 inmortalibus?
1092 3247 1197 3323 quida>

65 3345 267 3407 123vovemns?
307 3347 345 3402 At
360 3346 447 3402 etiam
462 3346 534 3403 liber
553 3355 596 3403 est
615 3346 734 3420 Epicuri
755 3345 793 3402 de
815 3345 976 3402 sanctitate.
1020 3345 1164 3404 Ludimur

109 3443 145 3499 ab
160 3441 278 3499 homine
294 3461 353 3499 non
368 3451 427 3498 tam
442 3443 536 3498 faceto
554 3460 642 3516 qnam
663 3441 701 3499 ad
723 3441 869 3500 scribendi
890 3442 1039 3499 licentiam
1061 3443 1161 3501 libem.

110 3541 193 3613 Quae
217 3541 295 3597 enim
317 3549 414 3614 potest
437 3557 500 3597 esse
524 3540 669 3608 sanctitas,
692 3540 715 3596 si
737 3538 786 3596 dei
807 3540 935 3597 humana
956 3557 1017 3597 non
1039 3541 1162 3598 curant?

108 3656 183 3711 quae
212 3649 309 3695 autem
335 3637 465 3694 animans
490 3647 592 3693 natura
615 3636 685 3692 nihil
708 3638 835 3694 curans?
875 3637 979 3694 Verius
1004 3646 1050 3695 est
1078 3637 1162 3712 igitur

109 3736 244 3792 nimirum
272 3734 351 3806 illud,
380 3734 459 3809 quod
488 3734 631 3790 familiaris
660 3734 791 3790 omnium
818 3743 951 3791 nostrum
985 3732 1191 3793 Posidoniusa
