2446 4102
91 235 150 299 168
413 247 462 299 na
482 247 628 299 NATURA
650 246 809 300 DEORUM.
917 299 920 303 ,

436 564 792 648 FRAGMENTA

190 766 243 819 EX
268 765 383 819 LIBRO
408 766 461 819 DE
486 765 651 819 NATURA
675 765 844 819 DEORUM
869 763 1027 818 TERTIO.

129 942 153 981 1.
182 923 318 981 Laetant.
333 923 400 980 inst.
416 923 473 980 dim
488 921 532 994 Il,
542 936 575 994 3,
590 937 628 978 2:
649 921 835 996 Intellegebat
856 920 956 979 Cicero
965 919 1053 995 falsa
1067 939 1135 993 esse,

85 1039 160 1096 qnae
180 1020 310 1077 leomines
331 1020 499 1076 adorarent.
541 1019 624 1077 Nam
646 1037 711 1076 enm
734 1021 827 1076 mrelta
849 1019 976 1089 dixisset,
999 1037 1074 1094 qnae
1096 1019 1142 1075 ad

84 1119 258 1176 eversionem
280 1119 450 1191 religionum
472 1117 610 1188 valerent,
629 1118 676 1174 ait
693 1125 791 1174 tamen
812 1134 874 1173 non
895 1133 959 1173 esse
981 1116 1029 1173 illa
1049 1116 1135 1190 vulgo

85 1214 270 1289 disputanda,
298 1232 336 1271 ne
365 1222 514 1289 susceptas
542 1213 659 1288 publice
690 1213 844 1288 religiones
879 1211 1038 1288 disputatio
1073 1212 1136 1270 talis

85 1311 256 1385 exstinguat.

127 1427 153 1466 2.
181 1409 316 1466 Laetant.
338 1410 405 1466 inst.
429 1408 486 1466 d'o.
507 1407 551 1479 ΙΙ,
571 1406 599 1479 8,
622 1422 679 1466 10:
704 1408 803 1466 Cicero
824 1408 859 1464 de
880 1414 992 1464 natara
1017 1407 1136 1464 deornm

84 1507 236 1581 disputans
256 1506 298 1562 sic
318 1507 379 1562 ait:
401 1505 530 1563 Primum
552 1505 637 1579 igitur
657 1522 718 1562 non
739 1514 783 1562 est
804 1504 954 1579 probabile
980 1521 1047 1562 eam
1075 1522 1136 1562 ma·

83 1603 184 1660 teriam
206 1621 310 1673 rerum,
332 1601 412 1659 unde
434 1612 497 1659 orta
518 1611 585 1659 sunt
606 1602 714 1672 omnia,
737 1619 800 1659 esse
825 1599 924 1658 divina
952 1600 1138 1676 providentia

84 1699 228 1770 effectam,
250 1699 303 1757 sed
325 1699 432 1756 habere
454 1708 483 1755 et
505 1698 638 1756 habuisse
660 1699 719 1755 vim
744 1708 774 1756 et
801 1707 933 1755 naturam
962 1715 1054 1756 suam.
1095 1699 1138 1758 Ut

84 1797 169 1872 igitur
182 1797 271 1868 faber,
283 1815 351 1852 cum
366 1795 437 1870 quid
452 1795 656 1852 aedificaturus
672 1805 725 1866 est,
741 1813 802 1852 non
817 1795 879 1869 ipse
894 1794 963 1851 facit
976 1795 1136 1867 materiam,

84 1893 137 1952 sed
151 1912 186 1951 ea
201 1896 296 1964 utitur,
312 1911 387 1967 quae
409 1895 444 1950 sit
465 1903 574 1967 parata,
592 1893 733 1967 fictorque
757 1893 826 1950 item
849 1910 924 1963 cera,
940 1893 982 1948 sic
1004 1892 1051 1949 isti
1071 1910 1137 1968 pro·

83 1990 229 2049 videntiae
250 1989 364 2048 divinae
387 1990 537 2047 materiam
558 1999 674 2063 praesto
709 2007 773 2046 esse
802 1989 937 2063 oportuit,
959 2007 1021 2046 non
1049 2006 1138 2064 quam

83 2088 146 2164 ipse
161 2089 277 2157 faceret,
292 2086 346 2144 sed
361 2104 450 2161 quam
464 2086 584 2143 haberet
601 2095 740 2160 paratam.
784 2085 899 2159 Quodsi
913 2103 975 2142 non
989 2095 1034 2143 est
1048 2103 1066 2142 a
1079 2085 1138 2144 deo

84 2185 204 2242 materia
224 2184 308 2255 facta,
331 2201 368 2240 ne
390 2193 465 2240 terra
485 2182 606 2256 quidem
630 2192 658 2239 et
680 2200 756 2257 aqua
776 2192 806 2239 et
826 2183 875 2239 a‘e'r
896 2191 926 2239 et
946 2182 1020 2257 ignis
1041 2181 1138 2240 adeo

83 2281 176 2338 factus
192 2291 243 2338 est.

125 2399 152 2454 3.
181 2379 265 2435 Maii
277 2385 341 2435 vett.
356 2379 475 2452 interpr.
498 2376 680 2451 Vi'rg.p.415‚
701 2376 743 2433 ed.
763 2376 845 2433 Med.
868 2376 952 2450 apud
972 2374 1138 2433 Ciceronem

84 2477 242 2532 denatura
258 2476 376 2531 deornm
391 2474 445 2544 JT,
461 2474 513 2531 abi
526 2475 559 2529 de
579 2473 727 2530 Cleomene
741 2472 972 2530 Lacedaemonio
995 2516 1001 2530 .
1025 2516 1032 2530 .
1056 2517 1063 2530 .

128 2570 172 2650 [4.
200 2573 356 2629 Diomedes
370 2572 396 2641 l,
405 2580 437 2646 p.
448 2585 523 2642 313,
539 2586 588 2641 10,
603 2570 681 2628 Keil.
729 2569 828 2626 Cz'eero
843 2571 877 2625 de
891 2570 1011 2626 deornm
1027 2577 1139 2627 notiora

84 2673 184 2728 tertio:
203 2670 337 2727 homines
352 2670 488 2728 omnibus
504 2668 603 2726 bestiis
618 2666 807 2725 antecedunt.
848 2666 927 2743 (Vid
937 2667 971 2724 de
985 2666 1033 2742 off.
1048 2665 1138 2739 I‚3'0,

85 2765 189 2844 105·)]

393 2894 446 2947 EX
472 2893 596 2946 LIBRIS
624 2892 817 2945 INCERTIS.

127 3051 153 3110 5.
182 3033 262 3091 Sera.
281 3033 325 3089 ad
342 3032 420 3106 Verg.
434 3034 509 3089 Aen.
524 3032 585 3103 Ill,
602 3031 680 3103 284:
707 3032 820 3088 Tallins
835 3032 866 3088 in
881 3030 955 3088 libro
975 3032 1010 3088 de
1029 3039 1139 3089 natura

85 3132 204 3188 deornm
220 3129 273 3187 tria
286 3130 364 3187 milia
378 3148 521 3187 annorum
537 3131 617 3187 aaa
629 3147 768 3204 magnum
783 3146 892 3185 annum
907 3137 1017 3186 tenere.

129 3225 173 3306 [6.
203 3227 283 3285 Sero.
298 3228 343 3283 ad
359 3227 436 3300 Verg.
451 3228 526 3284 Aen.
542 3226 603 3297 Ill,
619 3223 696 3284 600:
722 3225 821 3283 Cicero
841 3223 998 3300 spiritabile
1018 3225 1139 3283 descitin

85 3327 167 3383 libris
182 3325 216 3382 de
230 3325 349 3381 deornm
366 3332 486 3382 natura.
533 3322 617 3401 (Vid.
632 3324 673 3382 N.
688 3324 731 3381 D.
747 3323 790 3394 Il,
806 3319 834 3393 ό,
850 3320 936 3399 Ι8.)]

130 3419 174 3500 [7.
204 3421 284 3479 Sera.
299 3421 344 3477 ad
360 3421 439 3496 Verg.
454 3423 529 3478 Aen.
546 3421 593 3493 Vl,
609 3420 686 3496 894:
705 3421 766 3477 Per
776 3428 896 3495 portam
912 3437 1049 3476 corneam
1064 3419 1142 3478 oculi

86 3519 296 3595 significantur,
320 3520 372 3594 qai
392 3528 423 3576 et
443 3518 544 3576 cornei
567 3527 639 3576 sant
659 3527 690 3575 et
710 3519 843 3575 duriores
868 3517 968 3574 ceteris
984 3517 1138 3582 membris,·

87 3616 264 3692 mamfrigns
279 3636 337 3675 non
356 3618 493 3688 sentiant,
509 3618 587 3673 sient
606 3617 693 3673 etiam
722 3614 822 3672 Cicero
845 3615 926 3685 alsait
942 3614 978 3674 in
999 3614 1083 3674 libris
1104 3612 1139 3670 de

88 3723 199 3774 natura
214 3716 343 3775 deornm.
390 3712 474 3795 (Vid.
488 3712 530 3774 N.
545 3713 588 3774 D.
603 3713 646 3788 II,
658 3727 710 3790 57,
726 3710 833 3793 144.)]
911 3698 915 3705 ’
