2446 4102
386 251 452 300 Lm.
464 251 500 300 11.
536 251 750 303 cmxn-mv.
785 254 815 316 ξς
825 267 914 320 31-37.
1135 245 1177 325 89

118 406 288 482 gignuntur,
303 405 408 481 quibus
422 424 440 463 a
453 405 597 482 principio
618 407 776 465 innascitur
789 409 861 467 ratio
875 419 956 467 recta
970 419 1175 486 constansque,

121 521 198 578 quae
227 521 315 579 supra
342 503 492 561 hominem
520 485 724 579 putanda'est
750 504 867 580 deoque
895 507 1058 578 tribuenda,
1080 509 1111 567 id
1133 520 1177 567 est

118 598 245 672 mundo,
267 601 379 674 inquo
403 618 524 659 necesse
548 611 591 659 est
615 601 775 677 perfectam
799 603 876 660 illam
902 613 988 678 atque
1015 607 1176 664 absolutam

119 698 217 756 inesse
232 697 384 756 rationem.
427 699 533 773 Neque
555 699 634 756 enim
651 699 711 757 dici
732 709 829 775 potest
850 701 879 758 in
901 701 958 758 ulla
979 721 1075 760 rerum
1097 704 1175 762 insti·
1189 717 1214 758 aa

86 815 98 853 s
119 795 234 852 tutione
249 813 310 852 non
325 812 389 852 esse
406 795 515 870 aliquid
537 805 699 854 extremum
721 807 808 872 atque
830 799 1001 873 perfectum.
1043 802 1084 860 Ut
1098 802 1177 859 enim

119 894 150 951 in
171 893 240 965 vite,
262 902 294 951 ut
315 892 345 949 in
366 893 491 967 pecude,
513 894 569 952 nisi
590 914 664 969 quae
686 896 728 953 vis
753 896 872 967 obstitit,
887 897 1020 955 videmus
1045 909 1176 957 naturam

119 1008 175 1048 suo
190 989 322 1064 quodam
337 990 438 1047 itinere
460 990 499 1048 ad
520 992 652 1049 ultimum
674 994 834 1067 pervenire,
850 1004 937 1068 atque
958 1005 990 1052 ut
1013 996 1125 1070 pictura
1147 1006 1177 1054 et

119 1088 232 1147 fabrica
245 1098 419 1162 ceteraeque
437 1098 512 1146 artes
533 1088 643 1147 habent
657 1090 806 1164 quendam
828 1091 951 1149 absoluti
973 1094 1069 1167 operis
1090 1093 1176 1151 effec-

119 1195 193 1257 tum,
216 1185 310 1242 sicin
332 1186 413 1243 omni
437 1196 548 1258 natura,
570 1205 605 1244 ac
631 1188 723 1245 multo
752 1189 839 1245 etiam
865 1190 965 1264 magis,
987 1208 1108 1248 necesse
1133 1201 1177 1249 est

82 1306 106 1334 10
119 1283 233 1342 absolvi
257 1281 366 1357 aliquid
390 1301 425 1341 ac
449 1283 560 1359 perfici.
604 1285 723 1342 Etenim
748 1287 850 1343 ceteris
879 1288 986 1344 naturis
1012 1288 1102 1345 multa
1126 1306 1174 1346 ex·

119 1391 212 1453 tema,
242 1399 301 1456 quo
336 1381 431 1438 minus
459 1382 654 1456 perficiantur,
683 1393 805 1457 possunt
834 1384 983 1456 obsistere,
1013 1387 1176 1444 universam

121 1489 221 1537 autem
235 1488 368 1536 naturam
382 1480 461 1537 nulla
473 1497 519 1536 res
533 1489 631 1554 potest
647 1480 799 1555 impedire,
815 1492 971 1556 propterea
985 1482 1066 1557 quod
1081 1484 1175 1542 omnis

119 1587 238 1636 naturas
262 1577 326 1652 ipsa
349 1577 469 1635 cohibet
493 1586 522 1634 et
546 1579 686 1635 continet.
730 1578 878 1651 Quocirca
901 1597 1022 1637 necesse
1048 1590 1091 1638 est
1112 1599 1175 1639 esse

120 1685 257 1751 quartum
272 1674 351 1732 illum
367 1683 396 1731 et
410 1675 580 1732 altissimum
595 1674 726 1750 gradum,
742 1694 801 1750 quo
823 1677 902 1733 nulla
915 1678 957 1734 vis
978 1679 1070 1751 possit
1090 1697 1174 1736 acce-

82 1799 105 1836 ις
119 1773 200 1831 dere.
244 1773 274 1830 Is
289 1780 386 1828 autem
401 1781 445 1828 est
458 1770 574 1846 gradus,
590 1772 619 1829 in
634 1790 693 1846 quo
708 1791 803 1829 rerum
817 1774 948 1830 omnium
970 1784 1072 1831 natura
1092 1775 1174 1849 poni·
1188 1789 1214 1830 aa

118 1881 184 1943 tur,
207 1887 284 1945 quae
299 1869 438 1944 quoniam
453 1869 515 1926 talis
531 1879 584 1940 est,
599 1878 631 1927 ut
652 1879 681 1926 et
702 1871 808 1967 praesit
825 1871 960 1928 omnibus
976 1881 1005 1928 et
1019 1890 1084 1929 eam
1099 1874 1176 1931 nulla

118 1987 165 2026 res
179 1967 273 2044 possit
286 1966 428 2042 inpedire,
443 1984 565 2024 necesse
591 1977 635 2024 est
656 1966 872 2041 intellegentem
895 1986 958 2025 esse
980 1969 1124 2027 mundum
1146 1979 1175 2029 et

119 2064 242 2141 quidem
257 2064 346 2122 etiam
360 2063 533 2138 sapientem.
575 2064 656 2137 Quid
671 2073 769 2121 autem
792 2075 834 2121 est
857 2065 986 2123 inscitius
1001 2084 1088 2140 quam
1110 2085 1175 2125 eam

118 2172 263 2233 naturam,
278 2179 353 2235 quae
378 2161 474 2218 omnis
490 2178 536 2218 res
557 2161 593 2218 sit
614 2160 767 2235 conplexa,
783 2180 844 2218 non
866 2172 1016 2237 optumam
1033 2163 1100 2235 dici,
1115 2174 1173 2238 aut,

80 2289 106 2316 ω
119 2278 189 2317 curn
204 2260 242 2317 sit
262 2267 392 2333 optuma,
408 2276 469 2315 non
490 2258 616 2333 primum
637 2258 816 2316 animantem
837 2276 910 2331 esse,
927 2259 1035 2318 deinde
1056 2240 1185 2321 rationis¹

118 2367 148 2415 et
170 2356 285 2415 consilii
306 2366 485 2430 compotem,
500 2364 650 2429 postremo
671 2355 854 2430 sapientem?
896 2356 955 2429 Qui
978 2359 1056 2414 enim
1079 2369 1175 2433 potest

118 2455 202 2512 aliter
226 2471 290 2511 esse
315 2454 456 2528 optuma?
498 2453 605 2527 Neque
630 2453 717 2525 enim,
740 2453 763 2510 si
788 2453 918 2528 stirpium
944 2455 1041 2512 similis
1066 2456 1103 2512 sit
1126 2464 1175 2513 aut

118 2552 208 2609 etiam
230 2550 397 2622 bestiarum,
419 2559 541 2625 optuma
562 2549 694 2625 putanda
715 2551 751 2607 sit
773 2551 869 2624 potius
891 2569 979 2624 quam
1001 2551 1173 2625 deterruma,

117 2667 175 2708 nec
196 2665 276 2719 vero,
298 2649 322 2705 si
345 2647 464 2705 rationis
488 2647 634 2722 particeps
659 2647 695 2705 sit
720 2665 775 2704 nec
804 2648 840 2704 sit
867 2657 966 2704 tamen
990 2667 1008 2704 a
1032 2649 1174 2724 principio

80 2772 104 2808 ιε
118 2745 246 2820 sapienS,
261 2762 322 2802 non
336 2745 372 2802 sit
387 2743 514 2802 deterior
527 2743 631 2802 mundi
652 2745 749 2819 potius
765 2763 852 2818 quam
876 2744 1003 2801 humana
1017 2745 1173 2820 condicio,⁸

118 2843 211 2901 homo
233 2843 313 2899 enim
334 2842 448 2917 sapiens
470 2842 531 2899 fieri
556 2850 660 2916 potest,
683 2841 809 2898 mundus
831 2852 929 2898 autem
953 2842 977 2898 si
1001 2842 1031 2898 in
1056 2853 1174 2902 aeterno

118 2939 267 3016 praeteriti
294 2939 433 3015 temporis
461 2939 555 3013 spatio
583 2939 636 2996 suit
671 2939 819 3013 insipiens,
848 2957 1007 3013 numquam
1042 2940 1174 3013 profecto

118 3037 294 3112 sapientiam
315 3046 529 3111 consequetur,
551 3037 591 3094 ita
612 3036 665 3093 erit
685 3036 804 3093 homine
819 3035 953 3094 deterior.
997 3036 1087 3109 Quod
1102 3056 1173 3112 quo-

118 3136 198 3192 niam
223 3133 381 3192 absurdum
407 3143 459 3204 est,
485 3143 514 3191 et
539 3135 653 3208 sapiens
679 3153 696 3191 a
720 3134 864 3208 principio
893 3133 1020 3191 mundus
1048 3144 1077 3191 et
1102 3135 1174 3193 deus

82 3258 106 3294 30
119 3232 274 3292 habendus
292 3241 344 3290 est.
387 3233 493 3306 Neque
516 3233 594 3288 enirn
616 3241 660 3288 est
674 3232 832 3306 quicquam
854 3231 932 3288 aliud
955 3243 1068 3306 praeter
1091 3251 1173 3289 mun·
1187 3249 1212 3291 at

119 3331 201 3400 dum,
219 3330 266 3387 cui
280 3329 351 3387 nihil
365 3329 447 3399 absit,
463 3328 603 3403 quodque
625 3328 754 3403 undique
777 3339 877 3403 aptum
901 3340 988 3403 atque
1011 3330 1174 3404 perfectum

119 3428 328 3504 expletumque
343 3427 379 3484 sit
393 3427 529 3483 omnibus
544 3427 602 3483 suis
623 3427 749 3483 numeris
772 3436 800 3483 et
822 3427 958 3500 partibus.
1001 3427 1077 3484 Scite
1094 3427 1171 3483 enim
1181 3431 1218 3485 14

120 3525 311 3600 Chrysippus
326 3533 358 3581 ut
379 3524 464 3598 clipei
487 3542 575 3581 causa
595 3524 785 3594 involucrum,
799 3524 932 3598 vaginam
956 3534 1054 3580 autern
1077 3523 1173 3597 gladii,

120 3623 162 3680 sic
176 3631 293 3698 praeter
307 3621 450 3679 mundum
465 3624 562 3678 'cetera
576 3621 675 3678 omnia
689 3621 809 3678 aliorum
832 3638 920 3677 cansa
941 3638 1004 3676 esse
1026 3629 1172 3694 generata,

86 3739 108 3780 as
120 3730 152 3781 ut
166 3738 217 3780 eas
230 3719 326 3796 fruges
341 3729 428 3795 atque
443 3720 560 3793 fructus,
576 3737 649 3795 quos
664 3729 738 3776 terra
756 3718 855 3794 gignit,
871 3717 1062 3776 animantium
1077 3735 1172 3789 causa,
