2446 4102
324 253 391 303 tm.
409 253 459 305 111.
493 251 761 315 cn.xxx1x,xn.
795 256 927 321 sunus.
1092 237 1151 320 167

98 415 216 478 vovent,
228 406 310 466 audit
323 407 408 483 igitur
422 427 505 466 mens
521 407 619 467 divina
633 409 720 466 etiam
732 408 770 466 de
785 409 912 482 singulis.
955 409 1067 466 Videtis
1083 427 1151 484 ergo

98 521 160 562 non
181 521 245 562 esse
267 522 332 562 eam
352 515 411 562 tam
430 516 615 580 occupatam,
631 523 718 581 quam
734 506 899 580 putabatis?
942 507 1000 564 Fac
1016 525 1078 564 esse
1094 506 1151 564 dis·

98 608 221 671 tentam,
237 601 350 659 caelum
365 612 536 672 versantem,
552 612 657 659 terram
672 611 812 672 tuentem,
825 603 915 659 maria
929 603 1150 676 moderantem,

99 713 152 754 cur
176 705 236 754 tam
261 698 366 755 multos
388 697 461 756 deos
486 698 557 755 nihil
578 716 663 773 agere
685 708 715 756 et
736 716 850 756 cessare
872 700 998 775 patitur?
1019 719 1071 757 cur
1091 719 1151 757 non

67 813 79 851 s
98 793 186 851 rebus
207 793 339 851 humanis
360 795 472 869 aliquos
494 795 604 853 otiosos
626 794 698 853 deos
720 796 860 871 praeficit,
882 797 931 872 qui
953 815 970 854 a
991 807 1028 868 te,
1052 797 1150 869 Balbe,

98 888 323 948 innumerabiles
339 892 475 966 explicati
490 894 577 949 sunt?
611 893 698 950 Haec
713 892 772 950 lere
787 892 885 950 dicere
901 894 989 951 habui
1001 893 1038 951 de
1050 905 1152 952 natura

97 985 232 1059 deorum,
249 1006 308 1044 non
330 997 362 1045 ut
383 1007 448 1046 eam
469 989 609 1060 tollerem,
625 988 679 1046 sed
696 999 728 1046 ut
745 989 956 1064 intellegeretis,
972 1009 1060 1066 quam
1075 1001 1151 1048 esset

98 1084 224 1142 obscura
238 1094 268 1142 et
282 1102 370 1161 quam
384 1085 509 1144 difficilis
524 1085 683 1160 explicatus
698 1085 827 1144 haberet.

140 1179 225 1255 Quae
239 1200 308 1239 cum
322 1181 450 1253 dixisset,
462 1182 550 1241 Cotta
564 1182 661 1240 finem,
704 1183 831 1241 Lucilius
845 1192 961 1241 autem:
984 1183 1149 1242 Vehemen—

62 1303 87 1331 ιο
99 1276 164 1349 tius,
187 1278 289 1354 inquit,
311 1279 407 1350 Cotta,
429 1289 459 1337 tu
484 1279 604 1354 quidem
629 1279 760 1337 invectus
785 1297 816 1337 es
841 1280 871 1337 in
895 1299 961 1338 eam
989 1282 1152 1340 Stoicorum

97 1376 251 1447 rationem,
274 1393 349 1451 quae
370 1376 408 1434 de
430 1376 614 1452 providentia
634 1376 756 1434 deorum
777 1377 816 1434 ab
836 1377 888 1434 illis
910 1378 1099 1436 sanctissume
1123 1387 1153 1436 et

98 1472 362 1548 providentissume
390 1475 549 1532 constituta
575 1483 629 1532 est.
671 1473 730 1533 Sed
758 1474 898 1550 quoniam
925 1474 1150 1550 advesperascit,

99 1569 184 1629 dabis
204 1571 289 1629 nobis
309 1570 389 1629 diem
410 1571 546 1647 aliquem,
566 1581 597 1629 ut
619 1580 720 1629 contra
740 1571 796 1629 ista
813 1570 955 1629 dicamus
999 1573 1052 1630 Est
1072 1573 1151 1630 enim

99 1666 171 1726 mihi
192 1677 291 1725 tecum
312 1687 365 1744 pro
387 1669 441 1727 aris
462 1679 491 1726 et
512 1668 585 1727 focis
604 1678 753 1726 certamen
774 1678 805 1727 et
823 1686 876 1744 pro
894 1668 1017 1726 deorum
1037 1669 1152 1744 templis

64 1790 88 1830 15
100 1773 188 1840 atque
204 1764 331 1823 delubris
350 1783 462 1840 proque
482 1765 559 1823 urbis
579 1765 676 1835 muris,
692 1783 765 1840 quos
779 1784 840 1836 vos,
856 1766 1020 1840 pontifices,
1036 1776 1153 1824 sanctos

100 1879 165 1920 esse
180 1861 275 1920 dicitis
291 1862 514 1938 diligentiusque
536 1861 637 1920 urbem
658 1862 796 1937 religione
812 1881 901 1938 quam
915 1863 984 1937 ipsis
998 1863 1152 1922 moenibus

100 1960 214 2036 cingitis
224 1981 232 2033 ;
254 1978 329 2036 quae
351 1959 445 2018 deseri
466 1978 484 2016 a
504 1977 561 2030 me,
580 1958 651 2017 dum
670 1958 790 2033 quidem
812 1960 919 2034 spirare
941 1969 1053 2036 potero,
1071 1960 1152 2018 nesus

98 2056 208 2116 iudice.
250 2058 328 2116 Tum
342 2057 447 2116 Cotta:
472 2057 536 2131 Ego
550 2074 620 2115 vero
641 2066 671 2113 et
691 2066 763 2131 opto
784 2056 918 2132 redargui
936 2076 992 2128 me,
1009 2058 1107 2128 Balbe,
1123 2066 1152 2115 et
1165 2068 1191 2111 so

99 2173 143 2228 ea,
159 2173 234 2233 quae
250 2155 403 2231 disputavi,
418 2154 558 2212 disserere
580 2154 667 2211 malui
688 2171 777 2228 quam
798 2153 926 2212 iudicare
948 2164 978 2212 et
998 2155 1081 2213 facile
1104 2173 1152 2213 me

63 2271 118 2312 aa
135 2263 165 2312 te
184 2253 262 2311 vinei
280 2270 368 2328 posse
388 2262 468 2310 certo
485 2252 556 2309 sci0.
599 2250 727 2325 Quippe,
742 2250 834 2325 inquit
848 2251 984 2322 Velleius,
1000 2252 1050 2327 qui
1065 2253 1153 2310 etiam

98 2351 213 2411 somnia
232 2359 316 2427 putet
336 2349 375 2408 ad
395 2368 449 2408 nos
471 2349 546 2406 mitti
565 2349 604 2406 ab
619 2349 698 2419 Iove,
714 2365 790 2422 quae
808 2348 871 2422 ipsa
887 2358 986 2405 tamen
1003 2359 1062 2406 tam
1080 2349 1154 2407 levia

97 2467 160 2509 non
176 2458 252 2522 sunt,
267 2465 355 2523 quam
377 2456 422 2506 est
441 2447 604 2505 Stoicorum
618 2444 656 2502 de
670 2455 772 2502 natura
786 2443 909 2502 deorum
923 2446 1024 2503 oratio.
1067 2447 1153 2505 Haec

98 2565 168 2606 cum
189 2555 288 2604 essent
306 2543 394 2616 dicta,
412 2544 452 2602 ita
472 2541 667 2611 discessimus,
685 2551 717 2598 ut
735 2541 847 2598 Velleio
869 2541 974 2600 Cottae
995 2541 1153 2618 disputatio

97 2644 200 2716 verior,
215 2641 287 2702 mihi
308 2640 397 2701 Balbi·
411 2638 450 2699 ad
465 2638 591 2699 veritatis
612 2635 831 2697 similitudinem
844 2635 990 2697 videretur
1003 2656 1067 2698 esse
1085 2655 1153 2716 pro·

60 2741 226 2821 sspenSlOI.
442 2722 650 2741 ..ΜΨ--.Μ
1010 2753 1027 2765 ”
1054 2750 1056 2754 ⁴

1157 1154 1196 1261 ff
