2446 4102
345 270 411 318 rm.
429 269 450 317 1.
485 267 545 316 cu.
557 267 641 326 xxx,
653 268 751 316 xxxi.
787 268 816 331 §s
830 267 918 331 81-87.
1118 268 1159 334 57

103 425 150 497 ris,
175 426 217 483 sic
240 424 320 482 idem
344 425 373 481 in
397 424 480 481 Italia
502 422 659 493 Volcanus,
684 421 763 479 idem
788 422 818 479 in
845 423 997 498 Hispania.
1041 424 1157 482 Deinde

103 523 257 581 nominum
272 540 333 579 non
347 539 469 596 magnus
484 538 622 577 numerus
637 538 673 577 ne
689 520 718 577 in
733 520 889 594 pontificiis
906 520 1026 594 quidem
1044 524 1157 594 nostris,

103 619 229 678 deorum
244 629 342 676 autem
356 617 580 676 innumerabilis.
624 619 670 674 An
685 617 746 674 sine
762 617 928 675 nominibus
946 620 1033 676 sunt?
1076 619 1158 677 Istud

103 717 225 792 quidem
248 718 288 774 ita
309 717 392 774 vobis
415 715 512 773 dicere
536 733 656 772 neeesse
679 725 741 787 est,
765 714 835 789 quid
858 717 935 773 enim
957 717 1068 787 attinet,
1090 736 1158 774 cum

70 833 81 872 s
102 833 163 872 una
181 814 270 872 facies
292 815 336 886 sit,
352 815 434 888 plura
455 831 517 871 esse
538 812 679 870 nomina?
721 814 818 885 Quam
840 813 948 871 bellum
970 823 1040 885 erat,
1055 815 1156 885 Vellei,

102 911 238 969 confiteri
263 911 359 986 potius
380 912 503 981 nescire,
526 909 606 985 quod
631 911 767 981 nescires,
790 930 879 985 quam
905 911 958 968 ista
979 911 1157 969 effutientem

101 1026 243 1066 nauseare
259 1018 346 1082 atque
361 1009 456 1082 ipsum
473 1008 528 1065 sibi
542 1007 715 1081 displicere!
757 1010 803 1065 An
818 1016 848 1065 tu
864 1009 921 1065 mei
937 1009 1059 1066 similem
1073 1018 1158 1084 putas

101 1124 168 1164 esse
189 1114 240 1163 aut
260 1105 302 1163 tui
317 1104 427 1162 deum?
469 1106 603 1162 Profecto
625 1123 686 1161 non
709 1115 803 1179 putas.
847 1106 926 1179 Quid
949 1109 1040 1181 ergo?
1067 1108 1157 1164 solem

102 1203 202 1262 dicam
230 1212 280 1261 aut
307 1203 406 1260 lunam
435 1213 483 1260 aut
511 1203 626 1259 eaelum
646 1201 757 1260 deum?
800 1205 877 1278 Ergo
906 1205 993 1261 etiam
1019 1205 1160 1263 beatum?

64 1323 90 1350 10
103 1300 220 1374 Quibus
235 1300 379 1357 fruentem
394 1299 611 1373 voluptatibus?
643 1301 680 1356 Et
695 1300 877 1373 sapientem?
910 1302 968 1373 Qui
982 1311 1080 1376 potest
1095 1320 1157 1360 esse

103 1399 134 1455 in
149 1398 212 1455 eius
227 1396 310 1455 modi
323 1406 427 1454 tmneo
442 1397 603 1471 sapientia?
642 1398 728 1453 Haec
738 1407 833 1454 vestra
846 1409 921 1455 sunt.
961 1399 989 1457 Si
1004 1401 1088 1474 igitur
1102 1419 1158 1457 nec
1171 1417 1197 1456 aa

103 1494 235 1553 humano
249 1497 324 1566 visu,
340 1494 422 1570 quod
437 1494 535 1566 docui,
550 1513 606 1552 nec
620 1495 669 1551 tali
684 1495 790 1569 aliquo,
807 1495 888 1570 quod
911 1497 963 1554 tibi
986 1497 1025 1554 ita
1041 1516 1158 1572 persua-

103 1612 171 1652 sum
185 1602 239 1664 est,
250 1592 321 1667 quid
336 1592 451 1650 dubitas
466 1611 572 1667 negare
587 1592 659 1650 deos
674 1594 759 1650 esse?
795 1594 864 1651 Non
880 1594 979 1653 audes.
1009 1596 1160 1669 Sapienter

103 1690 136 1748 id
150 1689 282 1766 quidem,
298 1691 350 1747 etsi
373 1690 430 1748 hoc
456 1691 522 1747 loco
545 1709 606 1747 non
620 1691 763 1764 populum
778 1693 891 1763 metuis,
908 1692 960 1749 sed
981 1692 1061 1766 ipsos
1075 1692 1158 1751 deos.

66 1813 90 1852 15
105 1788 186 1846 Novi
200 1805 256 1864 ego
273 1789 434 1862 Epicureos
449 1787 548 1845 omnia
562 1787 654 1862 sigilla
667 1799 857 1860 venerantes;
879 1807 1057 1863 quamquam
1071 1789 1158 1849 video

103 1904 167 1944 non
190 1885 275 1943 nullis
299 1884 391 1943 videri
417 1885 586 1960 Epicurum,
608 1903 646 1941 ne
671 1885 701 1942 in
723 1886 915 1944 offensionem
937 1887 1159 1946 Atheniensium

105 1983 236 2054 caderet,
260 1982 355 2041 verbis
379 1983 528 2057 reliquisse
554 1981 635 2053 deos,
658 2001 688 2040 re
711 1984 867 2041 sustulisse.
911 1985 1013 2058 Itaque
1046 1985 1075 2042 in
1106 1985 1159 2043 illis

105 2081 222 2140 selectis
237 2081 299 2138 eius
313 2080 507 2155 brevibusque
522 2081 680 2151 sententiis
698 2099 769 2155 quas
784 2082 935 2155 appellatis
957 2082 1050 2157 κυρίας
1071 2081 1159 2151 δόξας,

105 2179 191 2251 haec,
206 2188 239 2236 ut
253 2179 366 2253 opinor,
381 2178 475 2254 prima
494 2178 637 2235 sententia
658 2188 720 2235 est:
744 2179 869 2252 ‘Quod
889 2180 1034 2237 beatum
1057 2190 1091 2238 et
1111 2181 1160 2237 in·

67 2275 263 2335 „mortale
298 2285 367 2349 est,
399 2276 436 2335 id
466 2293 533 2333 nee
565 2275 676 2334 habet
708 2294 776 2332 nec
808 2276 957 2334 exhibet
991 2279 1161 2351 cuiquam

105 2393 150 2433 ne
158 2374 317 2450 gotium’
361 2376 397 2433 In
411 2374 467 2431 hac
481 2375 522 2431 ita
536 2374 668 2448 exposita
683 2375 826 2431 sententia
840 2383 906 2431 sunt
921 2375 970 2448 qui
988 2375 1159 2446 existiment,
1168 2383 1204 2436 31

106 2471 191 2549 quod
212 2473 258 2530 ille
279 2473 393 2530 inscitia
412 2472 499 2546 plane
520 2470 662 2546 loquendi
683 2472 800 2542 fecerat,
822 2472 924 2529 fecisse
947 2474 1081 2530 consulto
1093 2494 1100 2544 ;
1123 2473 1161 2530 de

106 2570 229 2629 homine
257 2570 375 2628 minime
404 2571 484 2628 vafro
511 2570 587 2626 male
616 2569 789 2626 existimant.
842 2569 972 2626 Dubium
1000 2580 1044 2627 est
1072 2572 1200 2642 enimse

107 2678 206 2727 utrum
229 2668 308 2726 dieat
330 2667 439 2743 aliquid
461 2669 581 2726 beatum
604 2685 667 2725 esse
688 2675 716 2724 et
738 2666 888 2723 inmortale
910 2685 957 2738 an,
980 2667 1003 2724 si
1024 2666 1096 2741 quid
1116 2669 1161 2726 sit.

69 2791 94 2829 ις
108 2768 180 2825 Non
195 2765 429 2824 animadvertunt
443 2766 491 2822 hie
506 2785 574 2823 eum
592 2766 727 2840 ambigue
750 2765 881 2821 locutum
902 2782 975 2834 esse,
991 2764 1043 2821 sed
1065 2766 1161 2823 multis

108 2865 171 2924 aliis
185 2865 257 2923 locis
273 2874 302 2923 et
316 2866 396 2923 illum
410 2875 440 2923 et
455 2865 659 2923 Metrodorum
676 2874 735 2920 tam
755 2871 854 2936 aperte
876 2881 964 2936 quam
986 2863 1072 2935 paulo
1095 2874 1161 2920 ante

107 2971 147 3021 te.
190 2963 244 3020 Ille
260 2981 329 3021 vero
351 2963 424 3022 deos
445 2981 509 3021 esse
530 2972 621 3038 putat,
636 2980 693 3019 nee
715 2979 895 3035 quemquam
915 2959 983 3030 vidi,
999 2960 1049 3033 qui
1071 2962 1162 3036 magis

108 3078 153 3132 ea,
168 3078 246 3135 quae
267 3060 398 3118 timenda
420 3079 483 3119 esse
505 3070 632 3137 negaret,
652 3062 776 3132 timeret,
792 3067 917 3116 mortem
939 3056 1008 3114 dico
1029 3067 1059 3115 et
1080 3058 1161 3116 deos.

109 3158 225 3232 Quibus
253 3157 417 3216 mediocres
442 3158 575 3217 homines
600 3178 660 3217 non
686 3161 725 3217 ita
749 3157 834 3216 valde
860 3165 1022 3227 moventur,
1048 3155 1092 3212 his
1117 3157 1163 3212 ille

70 3277 96 3315 30
109 3256 216 3313 clamat
234 3256 365 3313 omnium
387 3256 550 3314 mortalium
572 3266 685 3314 mentes
708 3275 770 3314 esse
793 3255 965 3330 perterritas.
1007 3254 1065 3310 Tot
1086 3253 1164 3310 milia

108 3353 317 3410 latrocinantur
338 3362 431 3411 morte
454 3355 611 3428 proposita,
635 3354 682 3411 alii
708 3354 814 3425 omnia,
840 3373 916 3428 quae
942 3360 1073 3428 possunt,
1097 3351 1164 3408 fana

109 3450 269 3525 conpilant.
312 3450 421 3522 Cred0,
445 3460 494 3508 aut
519 3453 580 3509 illos
603 3452 702 3509 mortis
726 3453 812 3508 timor
837 3462 924 3510 terret
947 3460 996 3509 aut
1021 3450 1075 3507 hos
1099 3448 1163 3506 reli-

108 3548 213 3624 gionis.

150 3645 209 3705 Sed
231 3645 371 3719 quoniam
394 3664 454 3703 non
478 3645 568 3704 audes
597 3645 669 3722 (iam
693 3646 770 3702 enim
793 3664 861 3703 cum
885 3648 947 3721 ipso
971 3646 1099 3720 Epicuro
1120 3644 1162 3703 lo·
1176 3661 1201 3703 ar

73 3766 97 3805 ³5
110 3741 196 3821 quar)
215 3760 322 3818 negare
344 3759 409 3799 esse
431 3742 513 3814 deos,
535 3742 606 3818 quid
627 3753 679 3815 est,
695 3742 776 3816 quod
797 3752 826 3800 te
848 3742 978 3818 inpediat
999 3751 1049 3800 aut
1070 3743 1163 3802 solem
