2446 4102
363 279 429 328 ΜΒ.
443 279 478 329 11.
512 280 572 328 cir.
586 281 636 341 111,
650 282 695 332 ru.
730 281 844 345 tren.
1088 274 1126 337 81

71 434 200 512 imperiis
215 453 279 493 rem
293 434 441 510 publicam
455 434 670 510 amplificatam,
686 437 736 512 qui
751 438 935 513 religionibus
957 442 1127 515 paruissent.

72 535 111 591 Et
131 534 156 591 si
178 533 310 590 conferre
331 532 463 589 volumus
485 542 583 589 nostra
604 551 671 590 cum
694 536 827 606 externis,
848 539 950 594 ceteris
972 540 1058 597 rebus
1080 549 1129 597 aut

70 649 155 707 pares
178 639 230 688 aut
257 630 344 687 etiam
369 629 516 686 inferiores
544 631 730 704 reperiemur,
755 633 902 707 religione,
928 634 958 691 id
984 646 1027 692 est
1049 638 1128 695 cultu

70 728 204 799 deorum,
231 726 324 784 multo
348 726 519 801 superiores,
561 729 608 784 An
631 728 690 784 Atti
717 729 802 785 Navii
824 730 909 787 lituus
930 732 986 803 ille,
1008 752 1068 807 quo
1089 734 1128 792 ad
1148 756 1161 796 a

38 845 48 883 ⁵
69 823 305 899 investigandum
325 841 407 881 suem
428 824 562 898 regiones
581 825 683 882 vineae
702 827 874 898 terminavit,
894 832 1127 890 contemnendus

68 924 134 981 est?
177 921 347 992 Crederem,
368 921 422 978 nisi
444 922 505 978 eius
527 923 647 996 augurio
668 941 719 980 rex
741 925 883 982 Hostilius
906 928 1032 984 maxima
1053 929 1129 986 bella

67 1020 215 1095 gessisset.
259 1017 317 1076 Sed
338 1019 521 1093 neglegentia
540 1020 696 1077 nobilitatis
716 1022 825 1095 augurii
847 1022 1000 1098 disciplina
1021 1027 1128 1083 omissa

66 1118 173 1175 veritas
193 1116 389 1190 auspiciorum
406 1126 503 1190 spreta
522 1127 574 1188 est,
592 1119 705 1192 species
725 1129 838 1176 tantum
859 1130 979 1179 retenta.
1023 1123 1127 1198 Itaque
1160 1140 1163 1147 ⁴

67 1215 214 1272 maximae
236 1214 277 1270 rei
298 1213 432 1288 publicae
453 1224 559 1288 partes,
581 1215 610 1271 in
633 1215 676 1272 his
698 1216 780 1286 bella,
803 1217 907 1290 quibus
928 1219 969 1275 rei
990 1221 1127 1294 publicae

32 1335 55 1360 10
67 1313 144 1369 salus
164 1311 339 1382 continetur,
360 1312 443 1368 nullis
461 1313 597 1386 auspiciis
616 1311 860 1385 administrantur,
878 1316 956 1372 nulla
976 1320 1127 1391 peremnia

66 1418 226 1480 servantur,
241 1409 320 1465 nulla
334 1426 370 1465 ex
384 1409 575 1479 acuminibus,
591 1410 676 1481 nulla,
692 1430 757 1468 cum
771 1411 822 1468 viri
837 1423 985 1484 vocantur,
1008 1433 1045 1471 ex
1065 1434 1125 1490 quo

66 1507 97 1566 in
124 1507 281 1582 procinctu
309 1516 483 1564 testamenta
513 1508 668 1581 perierunt.
709 1509 786 1565 Tum
815 1510 894 1567 enim
922 1511 998 1568 bella
1025 1531 1124 1587 gerere

66 1604 157 1663 nostri
172 1603 265 1662 duces
280 1604 430 1679 incipiunt,
446 1623 514 1662 cum
536 1605 666 1680 auspicia
686 1617 854 1680 posuerunt.
897 1609 934 1664 At
955 1627 1023 1666 vero
1045 1610 1124 1684 apud
1138 1621 1162 1660 10

66 1703 193 1760 maiores
206 1711 287 1759 tanta
301 1701 445 1776 religionis
461 1702 503 1758 vis
519 1702 580 1772 suit,
595 1712 627 1759 ut
641 1702 760 1776 quidam
775 1703 963 1777 imperatores
983 1707 1071 1764 etiam
1092 1726 1123 1764 se

30 1825 52 1863 ις
65 1800 145 1875 ipsos
161 1799 207 1856 dis
223 1799 422 1856 inmortalibus
438 1799 534 1873 capite
548 1799 644 1856 velato
658 1800 752 1857 verbis
774 1801 859 1857 certis
881 1820 934 1876 pro
955 1820 985 1860 re
1007 1803 1124 1876 publica

65 1897 255 1956 devoverent.
298 1897 393 1954 Multa
428 1914 464 1953 ex
497 1896 639 1971 Sibyllinis
670 1897 930 1969 vaticinationibus,
964 1900 1055 1957 multa
1087 1920 1124 1959 ex

65 1995 255 2070 haruspicum
280 1994 426 2068 responsis
451 2012 681 2051 commemorare
707 2012 837 2069 possum,
863 1997 968 2070 quibus
993 2015 1028 2054 ea
1053 2017 1122 2056 con·

63 2093 226 2164 firmentur,
242 2109 317 2166 quae
332 2091 422 2149 dubia
435 2092 545 2148 nemini
560 2091 670 2149 debent
684 2109 758 2149 esse.
799 2093 888 2167 Atqui
907 2103 936 2150 et
958 2104 1121 2153 nostrorum
1139 2103 1158 2156 4

63 2208 209 2266 augurum
224 2199 254 2246 et
269 2190 458 2247 Etruscorum
473 2189 660 2263 haruspicum
674 2188 858 2264 disciplinam
880 2191 911 2248 P.
935 2191 1071 2266 Scipione
1087 2193 1121 2252 C.

27 2317 51 2344 ω
64 2288 170 2364 Figulo
193 2286 362 2345 consulibus
384 2305 429 2344 res
452 2287 515 2362 ipsa
540 2287 690 2360 probavit,
713 2305 786 2360 quos
809 2306 878 2344 cum
899 2288 944 2344 Ti.
970 2290 1120 2348 Gracchus

62 2385 167 2443 consul
182 2384 288 2442 iterum
302 2394 421 2456 crearet,
437 2385 548 2459 primus
562 2394 686 2458 rogator,
702 2394 733 2440 ut
747 2401 799 2440 eos
814 2385 930 2454 rettulit,
946 2385 1056 2443 ibidem
1078 2399 1121 2445 est

62 2491 186 2558 repente
201 2491 340 2540 mortuus
383 2481 534 2540 Gracchus
550 2500 616 2538 cum
632 2481 752 2539 comitia
765 2481 856 2539 nihilo
878 2483 972 2538 minus
994 2486 1119 2559 peregis-

61 2589 106 2639 set
133 2596 259 2653 remque
287 2578 365 2637 illam
392 2579 423 2637 in
449 2579 618 2654 religionem
647 2578 757 2653 populo
785 2579 897 2636 venisse
926 2581 1053 2652 sentiret,
1083 2582 1120 2640 ad

60 2687 200 2736 senatum
221 2676 337 2735 rettulit.
379 2677 510 2747 Senatus,
527 2694 600 2750 quos
615 2676 652 2734 ad
669 2676 782 2747 soleret,
798 2676 982 2734 referendum
998 2680 1119 2737 censuit.

24 2800 47 2838 ις
62 2774 248 2848 Haruspices
271 2772 428 2831 introducti
450 2773 662 2848 responderunt
689 2792 749 2831 non
778 2774 863 2831 luisse
892 2775 999 2831 iustum
1029 2778 1119 2834 comi-

60 2873 170 2930 tiorum
201 2879 375 2945 rogatorem.
435 2871 514 2928 Tum
547 2871 706 2942 Gracchus,
737 2881 769 2927 ut
799 2889 815 2928 e
844 2882 924 2946 patre
953 2872 1118 2945 audiebam,
1134 2895 1157 2935 11

61 2970 201 3027 incensus
230 2967 289 3025 ira:
323 2969 446 3025 ‘Itane
481 2969 600 3025 vero?
634 2987 701 3043 ego
737 2987 807 3025 non
839 2970 972 3040 iustus,
995 2971 1056 3044 qui
1085 2981 1120 3029 et

60 3065 195 3125 consul
216 3064 343 3139 rogavi
364 3073 399 3123 et
420 3065 647 3139 auspicato?
676 3084 718 3123 an
747 3084 809 3124 vos
832 3067 943 3124 Tusci
974 3086 1014 3124 ac
1044 3068 1118 3126 bar-

60 3163 140 3222 bari
176 3161 428 3236 auspiciorum
463 3163 590 3237 populi
626 3164 779 3220 Romani
815 3165 870 3222 ius
907 3166 1045 3222 tenetis
1086 3177 1119 3224 et

23 3262 289 3335 aointerpretes
317 3277 397 3316 esse
426 3260 660 3317 comitiorum
688 3263 887 3335 potestis?'
931 3262 1034 3336 Itaque
1057 3272 1119 3320 tum

59 3359 124 3416 illos
139 3357 219 3414 exire
234 3356 323 3413 iussit.
366 3357 436 3414 Post
455 3366 552 3413 autem
573 3374 589 3413 e
609 3359 758 3431 provincia
777 3359 883 3416 litteras
905 3358 942 3416 ad
965 3360 1119 3434 collegium

59 3455 138 3513 misit
159 3471 202 3525 se,
224 3471 292 3511 curn
314 3453 423 3527 legeret
444 3453 541 3524 libros
562 3454 747 3511 recordatum
770 3473 832 3513 esse
856 3457 925 3513 vitio
949 3457 1002 3513 sibi
1025 3458 1117 3515 taber-

60 3551 199 3609 naculum
214 3559 334 3625 captum
349 3551 435 3608 fuisse
451 3548 565 3626 [hortos
581 3551 752 3629 Scipionis],
765 3552 855 3626 quod,
872 3573 939 3610 cum
955 3556 1118 3628 pomerium

59 3659 165 3724 postea
178 3647 314 3705 intrasset
328 3646 455 3705 habendi
470 3657 586 3704 senatus
601 3666 698 3718 causa,
714 3649 743 3705 in
765 3649 926 3721 redeundo,
950 3670 1017 3707 cum
1039 3650 1118 3708 idem

26 3765 49 3804 ³⁵
61 3745 231 3822 pomerium
244 3744 385 3817 transiret,
402 3744 545 3820 auspicari
559 3754 635 3802 esset
649 3745 774 3818 oblitus;
796 3746 893 3820 itaque
915 3747 984 3804 vitio
1005 3755 1117 3804 creatos
