2446 4102
281 282 347 332 nro.
364 281 399 332 11.
432 281 494 333 cn.
509 281 686 332 uxr-rxrrr.
721 283 887 349 §5152-159.
1053 287 1112 351 129

53 434 210 496 hominum
231 436 362 514 putanda
382 446 458 496 sunt.
502 437 567 494 Iam
588 455 657 495 vero
679 438 846 496 circumitus
875 438 942 496 solis
970 447 1000 496 et
1027 438 1156 498 lunaersu

53 535 293 610 reliquorumque
307 534 445 606 siderum,
460 553 638 609 quamquam
660 536 748 592 etiam
769 533 807 592 ad
830 536 932 593 mundi
953 537 1111 595 cohaeren-

54 633 126 690 tiam
154 633 310 708 pertinent,
338 641 437 689 tamen
466 641 495 690 et
523 632 722 706 spectaculum
750 631 916 690 horninibus
951 635 1111 708 praebent;

54 731 134 787 nulla
148 740 192 788 est
207 731 287 787 enim
302 729 489 787 insatiabilior
510 730 633 804 species,
649 729 727 786 nulla
747 729 895 804 pulchrior
916 740 945 786 et
966 730 1004 787 ad
1026 732 1110 789 ratio-

22 845 125 892 snem
148 827 363 902 sollertiamque
388 827 578 901 praestantior
584 846 593 898 ;
622 843 721 882 eorum
745 826 824 883 eninr
852 845 952 884 cursus
981 828 1111 886 dimetati

53 925 236 982 maturitates
251 934 416 999 temporum
432 932 462 980 et
475 924 628 981 varietates
646 923 879 998 mutationesque
901 926 1110 999 cognovimus3

54 1040 132 1097 quae
154 1021 178 1078 si
199 1021 367 1079 hominibus
388 1020 456 1078 solis
478 1031 549 1077 nota
569 1028 645 1090 sunt,
667 1019 821 1077 hominum
843 1020 919 1078 facta
940 1039 1003 1078 esse
1025 1041 1113 1080 causa

53 1117 250 1177 iudicandum
265 1127 317 1176 est.
359 1118 450 1175 Terra
462 1136 532 1175 vero
553 1118 612 1174 seta
632 1118 760 1192 frugibus
783 1128 812 1174 et
833 1118 911 1175 vario
933 1119 1157 1193 leguminummo

54 1234 174 1292 genere,
197 1232 362 1290 quaecum
383 1233 521 1271 maxuma
541 1214 670 1288 largitate
700 1214 803 1285 fundit,
827 1233 863 1271 ea
890 1216 1052 1273 ferarumne
1074 1235 1112 1274 an

14 1345 41 1371 ιο
55 1313 212 1371 hominum
227 1331 316 1369 causa
336 1312 455 1387 gignere
476 1311 611 1368 videtur?
653 1311 733 1384 Quid
756 1311 793 1368 de
816 1313 919 1370 vitibus
942 1314 1111 1389 olivetisque

56 1410 177 1469 dicam?
198 1428 320 1484 quarum
335 1409 481 1467 uberrumi
496 1409 710 1483 laetissumique
727 1409 834 1466 fructus
849 1409 1055 1468 nihilomnino
1074 1410 1112 1468 ad

54 1506 165 1566 bestias
180 1507 335 1582 pertinent.
379 1507 484 1580 Neque
500 1505 580 1562 enim
594 1505 711 1563 serendi
726 1524 822 1580 neque
838 1506 954 1563 colendi
969 1525 1024 1564 nec
1040 1517 1112 1564 tem-

54 1604 170 1680 pestive
192 1602 362 1661 demetendi
382 1602 624 1678 percipiendique
647 1603 754 1660 fructus
782 1621 879 1677 neque
907 1603 1056 1661 condendi
1077 1623 1112 1662 ac

55 1701 223 1778 reponendi
237 1701 293 1758 ulla
307 1699 457 1775 pecudum
474 1700 595 1757 scientia
616 1709 668 1770 est,
685 1718 842 1774 earumque
863 1701 995 1757 omnium
1016 1719 1110 1758 rerum

17 1827 42 1864 15
56 1798 211 1857 hominum
225 1807 269 1856 est
284 1807 313 1856 et
333 1817 401 1855 usus
423 1806 452 1855 et
474 1815 552 1855 cura.
594 1797 636 1856 Ut
656 1796 730 1855 fides
750 1797 834 1871 igitur
854 1806 884 1854 et
904 1797 988 1855 tibias
1010 1766 1156 1873 eorumffiss

57 1915 149 1954 causa
162 1897 252 1952 factas
267 1894 428 1953 dicendum
443 1904 496 1966 est,
511 1894 561 1969 qui
576 1882 629 1951 illi's
643 1895 685 1952 uti
699 1903 828 1969 possent,
840 1894 881 1951 sic
896 1912 939 1965 ea,
952 1913 1027 1970 quae
1042 1895 1111 1967 dixi,

58 1994 93 2052 iis
110 1993 178 2051 solis
199 1991 402 2050 confitendum
423 2001 553 2050 estesse
574 2001 682 2066 parata,
699 1992 749 2066 qui
770 2001 895 2062 utuntur,
910 2010 976 2063 nec,
992 1993 1015 2049 si
1037 2010 1111 2067 quae

57 2090 171 2149 bestiae
184 2089 313 2147 furantur
327 2089 436 2164 aliquid
451 2107 487 2146 ex
502 2089 535 2146 iis
551 2098 600 2147 aut
613 2089 737 2164 rapiunt,
753 2089 865 2150 illarum
885 2107 1002 2164 quoque
1025 2108 1112 2147 causa

58 2207 96 2247 ea
108 2197 179 2246 nata
193 2204 256 2245 esse
272 2186 413 2245 dicemus.
456 2188 562 2262 Neque
579 2187 657 2243 enim
673 2185 806 2243 homines
822 2205 936 2243 murum
952 2197 1000 2243 aut
1015 2187 1110 2244 formi-

17 2311 46 2339 ω
59 2304 162 2344 carum
176 2303 265 2342 causa
278 2285 456 2342 frumentum
471 2283 612 2355 condunt,
629 2282 681 2341 sed
697 2283 855 2357 coniugum
871 2294 900 2340 et
914 2284 1069 2340 liberorum
1084 2294 1113 2341 et

57 2383 232 2441 familiarum
260 2399 385 2440 suarum.
429 2383 532 2456 Itaque
554 2381 664 2439 bestiae
690 2380 795 2451 furtim,
818 2390 850 2437 ut
878 2380 947 2450 dixi,
969 2381 1110 2451 fruuntur,

58 2479 174 2539 domini
200 2478 297 2554 palam
326 2488 355 2537 et
382 2479 481 2537 libere.
524 2479 689 2536 Hominum
718 2477 803 2552 igitur
831 2496 919 2534 causa
944 2495 992 2535 cas
1016 2495 1157 2536 rerumne

58 2578 163 2652 copias
177 2585 359 2652 comparatas
374 2575 526 2633 fatendum
541 2585 593 2646 est,
609 2575 663 2632 nisi
678 2574 752 2632 forte
767 2583 847 2631 tanta
861 2574 976 2631 ubertas
991 2583 1021 2631 et
1040 2575 1112 2632 vari·

59 2685 124 2734 etas
151 2691 307 2748 pomorum
332 2690 492 2747 eommque
521 2671 666 2730 iucundus
688 2689 748 2728 non
776 2681 905 2746 gustatus
934 2671 1037 2743 solum,
1061 2670 1113 2728 sed

17 2800 44 2838 25
58 2771 200 2830 odoratus
214 2771 301 2828 etiam
316 2780 350 2828 et
358 2779 495 2845 aspectus
509 2768 721 2827 dubitationem
736 2768 838 2839 adfert,
859 2769 928 2843 quin
948 2769 1113 2826 hominibus

59 2868 130 2927 solis
145 2885 181 2925 ea
194 2877 295 2925 natura
309 2866 468 2926 donaverit.
510 2869 697 2940 Tantumque
713 2866 803 2936 abest,
819 2874 852 2923 ut
866 2865 939 2923 haec
957 2866 1113 2923 bestiarum

60 2966 150 3024 etiam
165 2982 253 3022 causa
266 2974 366 3039 parata
379 2965 444 3035 sint,
461 2974 492 3022 ut
506 2965 582 3040 ipsas
597 2964 703 3021 bestias
719 2963 871 3020 hominum
885 2963 976 3038 gratia
994 2981 1113 3037 genera-

61 3073 106 3120 tas
135 3079 197 3143 esse
224 3061 384 3120 videamus.
427 3060 508 3135 Quid
536 3061 615 3119 enim
640 3079 709 3118 oves
733 3059 811 3117 aliud
835 3060 977 3131 adferunt,
1001 3061 1056 3117 nisi
1083 3070 1114 3118 ut

62 3177 164 3218 earum
178 3159 249 3216 villis
263 3159 405 3217 conlectis
421 3168 507 3234 atque
523 3158 666 3216 contextis
688 3158 821 3216 homines
842 3159 1019 3216 vestiantur?
1040 3177 1114 3233 quae

22 3285 49 3324 30
62 3256 184 3334 quidem
199 3274 295 3331 neque
310 3257 346 3314 ali
361 3274 456 3331 neque
477 3256 630 3314 sustentari
651 3273 747 3330 neque
769 3256 859 3313 ullum
880 3257 1006 3312 fructum
1028 3255 1114 3313 edere

63 3374 101 3413 ex
114 3371 146 3412 se
161 3354 223 3411 sine
238 3353 316 3410 cultu
332 3353 485 3411 hominum
500 3363 528 3411 et
544 3353 692 3411 curatione
708 3353 880 3428 potuissent.
917 3354 1032 3412 Canum
1046 3372 1116 3411 vero

62 3463 123 3511 tam
138 3450 197 3509 fida
214 3450 349 3508 custodia
369 3460 488 3526 tamque
509 3469 609 3508 amans
631 3450 818 3508 dominorum
840 3451 968 3508 adulatio
989 3461 1114 3508 tantum·
1200 3512 1206 3529 Ι

64 3567 121 3626 que
143 3548 247 3608 odium
269 3548 299 3606 in
320 3557 455 3607 externos
477 3557 586 3606 ettam
612 3547 788 3606 incredibilis
816 3548 854 3606 ad
883 3547 1115 3622 investigandum

63 3647 206 3724 sagacitas
221 3645 343 3716 narium,
358 3653 438 3702 tanta
452 3645 582 3703 alacritas
597 3646 626 3702 in
640 3644 776 3702 venando
792 3645 861 3719 quid
882 3644 1023 3718 significat
1038 3644 1115 3701 aliud

26 3768 50 3809 rs
62 3744 117 3804 nisi
136 3760 170 3802 se
191 3739 232 3801 ad
248 3739 406 3806 hominum
427 3741 653 3799 commoditates
674 3758 738 3798 esse
760 3742 934 3817 generatos?
976 3740 1055 3815 Quid
1078 3741 1162 3798 derra
1196 3729 1206 3765 ¹
