2446 4102
366 308 432 356 LIB.
445 309 493 356 III.
528 308 588 357 Car.
602 309 691 356 II-IV.
728 310 757 370 ἐξ
771 321 842 372 5-10.
1067 310 1126 376 139

69 464 209 540 primum,
225 463 305 538 quod
324 463 400 520 inter
414 463 509 521 omnis
526 463 581 520 nisi
596 462 757 521 admodum
773 463 878 538 impios
894 465 1039 534 convenit,
1055 463 1127 520 mihi

71 561 194 636 quidem
211 579 247 617 ex
261 561 359 618 animo
375 561 471 618 excuti
485 579 545 618 non
560 571 667 636 potest,
683 579 747 618 esse
763 560 844 631 deos,
860 560 891 617 id
905 571 1004 617 tamen
1019 562 1125 635 ipsum,

71 657 155 733 quod
177 659 248 714 mihi
269 676 437 732 persuasum
459 669 502 716 est
523 660 693 715 auctoritate
708 659 859 728 maiorum,
877 676 927 714 cur
942 659 981 715 ita
995 659 1039 728 sit,
1055 657 1128 715 nihil

71 765 103 814 tu
128 774 176 812 me
200 755 299 812 doces
342 755 423 828 Quid
444 766 497 825 est,
519 757 613 830 inquit
635 756 750 826 Balbus,
766 756 790 812 si
812 756 862 812 tihi
884 773 1054 829 persuasum
1073 765 1125 827 est,

39 880 51 920 5
71 872 125 911 cur
139 872 157 910 a
171 872 218 910 me
234 853 303 910 velis
318 852 452 910 discere?
482 853 558 909 Tum
570 851 675 910 Cotta:
700 852 777 925 Quia
791 853 832 909 sic
848 851 1010 926 adgredior,
1023 852 1125 926 inquit,

72 949 111 1006 ad
135 950 212 1006 hanc
235 950 471 1024 disputationem,
495 950 577 1023 quasi
600 949 671 1006 nihil
694 968 833 1024 umquam
856 949 996 1006 audierim
1020 949 1058 1007 de
1082 950 1126 1008 dis

71 1047 280 1116 inmortalibus
296 1045 366 1102 nihil
381 1047 587 1121 cogitaverim3
609 1046 712 1103 rudem
728 1064 776 1103 me
792 1057 820 1103 et
838 1047 982 1121 integrum
997 1046 1125 1121 discipu-

70 1145 132 1202 lum
154 1144 257 1218 accipe
279 1153 308 1200 et
328 1162 372 1214 ea,
388 1143 463 1218 quae
485 1144 609 1218 requiro,
625 1140 710 1201 doce.
754 1145 812 1200 Dic
827 1144 920 1218 igitur,
937 1144 1037 1218 inquit,
1054 1144 1150 1218 quide

70 1243 210 1317 requiras.
251 1242 375 1317 Egone?
396 1242 522 1316 primum
536 1241 615 1312 illud,
632 1261 692 1312 cur,
709 1241 789 1315 quod
804 1241 833 1297 in
849 1242 903 1298 ista
918 1242 1072 1316 partitione
1087 1261 1124 1298 ne

34 1365 58 1390 ιο
71 1357 158 1414 egere
181 1337 302 1413 quidem
321 1339 452 1396 oratione
473 1337 603 1409 dixisseS,
619 1337 701 1412 quod
716 1348 791 1395 esset
806 1339 993 1413 perspicuum
1009 1349 1038 1395 et
1052 1339 1126 1396 inter

70 1437 168 1494 omnis
184 1446 338 1507 constaret,
352 1436 390 1493 de
406 1454 442 1492 eo
457 1436 521 1510 ipso
536 1445 595 1492 tam
607 1436 698 1492 multa
712 1434 826 1492 dixeris.
861 1434 938 1507 Quia
953 1445 981 1492 te
997 1454 1124 1510 quoque,

70 1534 175 1608 inquit,
199 1532 399 1603 animadverti,
423 1533 519 1602 Cotta,
544 1549 641 1606 saepe,
665 1551 733 1588 cum
756 1532 785 1588 in
807 1533 870 1589 foro
893 1532 1015 1602 diceres,
1038 1551 1126 1607 quam

70 1630 203 1705 plurimis
217 1648 319 1704 posses
333 1630 509 1704 argumentis
524 1647 643 1686 onerare
659 1628 796 1699 iudicem,
812 1630 835 1687 si
850 1629 941 1687 modo
957 1649 1021 1686 eam
1037 1630 1125 1687 facul-

71 1737 162 1784 tatem
185 1728 236 1785 tibi
258 1727 340 1785 daret
362 1744 458 1783 causa.
500 1727 596 1800 Atque
618 1726 676 1782 hoc
696 1725 776 1783 idem
791 1737 820 1783 et
834 1726 1003 1800 philosophi
1018 1727 1126 1784 faciunt

34 1846 57 1882 ιε
71 1835 100 1882 et
116 1843 182 1900 eg0,
198 1834 230 1881 ut
244 1824 335 1900 potui,
351 1824 417 1881 feci.
459 1824 505 1880 Tu
520 1833 626 1894 autem,
643 1823 692 1898 qui
707 1823 736 1879 id
757 1824 879 1897 quaeris,
896 1823 1024 1880 similiter
1045 1824 1124 1888 facis,

71 1941 106 1979 ac
130 1922 154 1979 si
177 1939 226 1978 me
249 1940 341 1996 roges,
365 1930 467 1979 curte
491 1920 604 1978 duobus
628 1931 768 1978 contuear
789 1921 880 1978 oculis
904 1930 933 1977 et
954 1939 1015 1978 non
1036 1921 1125 1979 altero

70 2020 235 2089 coniveam,
251 2038 318 2076 cum
337 2019 417 2076 idem
432 2037 491 2076 uno
509 2018 630 2092 adsequi
645 2019 764 2093 possim.
806 2019 882 2075 Turn
898 2019 1003 2076 Cotta:
1028 1996 1156 2104 Quam}

70 2118 164 2175 simile
185 2116 262 2174 istud
282 2117 326 2187 sit,
342 2117 444 2191 inquit,
460 2125 491 2173 tu
505 2115 620 2173 videris,
664 2117 741 2172 Nam
757 2134 812 2190 ego
827 2133 923 2190 neque
938 2116 968 2172 in
983 2117 1085 2188 causiS,
1101 2117 1124 2174 si

70 2213 143 2289 quid
167 2223 211 2271 est
234 2213 363 2284 evidenS,
387 2213 425 2271 de
449 2232 509 2288 quo
532 2214 605 2270 inter
628 2213 722 2270 omnis
745 2214 909 2284 conveniat,
931 2214 1125 2287 argumentari

31 2336 57 2362 20
70 2312 152 2370 soleo
163 2333 172 2384 3
198 2312 387 2387 perspicuitas
413 2312 492 2369 enim
514 2311 764 2386 argumentatione
788 2310 934 2383 elevatur,
959 2329 1024 2381 nec,
1048 2312 1071 2368 si
1094 2310 1125 2370 id

70 2410 198 2466 facerem
221 2408 251 2466 in
274 2409 368 2466 causis
391 2409 561 2478 forensibus,
585 2407 665 2465 idem
688 2407 815 2465 facerem
837 2409 867 2464 in
890 2407 946 2464 hac
969 2409 1123 2465 subtilitate

70 2506 222 2564 sermonis.
265 2506 324 2564 Cur
339 2506 489 2564 coniveres
505 2515 604 2563 autem
623 2504 713 2561 altero
735 2505 831 2575 oculo,
847 2523 935 2562 causa
955 2524 1015 2562 non
1037 2515 1122 2576 esset,

70 2622 138 2660 cum
162 2602 242 2666 idem
263 2603 380 2660 obtutus
400 2612 476 2660 esset
495 2602 657 2671 amborum,
674 2611 702 2658 et
717 2621 896 2659 cumrerum
911 2612 1019 2672 natura,
1035 2621 1123 2677 quam

70 2711 101 2758 tu
116 2700 280 2774 sapientem
295 2717 358 2757 esse
371 2700 423 2770 viS,
439 2699 498 2757 duo
513 2699 623 2756 lumina
638 2699 674 2756 ab
688 2699 786 2756 animo
802 2697 840 2755 ad
860 2699 961 2756 oculos
980 2700 1124 2773 perforata

30 2823 54 2860 25
69 2816 125 2855 nos
148 2797 255 2855 habere
277 2797 423 2855 voluisset.
466 2795 524 2855 Sed
547 2797 616 2870 quia
640 2815 700 2853 non
724 2795 894 2854 confidebas
919 2806 978 2852 tam
1004 2814 1066 2853 esse
1092 2795 1123 2855 id

69 2894 267 2970 perspicuum,
282 2913 371 2969 quam
393 2904 423 2951 tu
438 2894 534 2965 velles,
557 2903 713 2969 propterea
734 2893 829 2951 multis
851 2893 1026 2968 argumentis
1049 2892 1122 2951 deos

70 3011 134 3050 esse
163 2991 272 3049 docere
299 2991 422 3050 voluisti.
474 2992 549 3049 Mihi
577 2992 655 3048 enim
684 3010 775 3048 unum
804 3001 847 3048 sat
876 3001 945 3061 erat,
971 2991 1010 3047 ita
1037 2990 1121 3049 nobis

69 3091 194 3146 maiores
216 3098 330 3147 nostros
351 3088 513 3146 tradidisse.
556 3086 614 3146 Sed
635 3098 665 3145 tu
683 3089 869 3146 auctoritates
889 3088 1062 3158 contemnis,
1078 3107 1120 3145 ra-

68 3187 149 3244 tione
173 3204 295 3261 pugnas.
339 3188 440 3243 Patere
464 3186 548 3260 igitur
569 3185 711 3242 rationem
734 3204 831 3242 meam
851 3204 918 3241 cum
940 3194 990 3242 tua
1009 3185 1158 3242 rationem

29 3308 55 3344 ³0
69 3282 260 3342 contendere.
302 3283 406 3341 Adfers
421 3283 494 3340 haec
509 3283 609 3340 omnia
622 3292 800 3357 argumenta,
813 3301 864 3339 cur
878 3280 908 3338 di
923 3282 988 3352 sint,
1000 3300 1120 3356 remque

69 3400 137 3439 mea
165 3381 310 3439 sententia
337 3381 457 3438 minime
486 3380 605 3446 dubiam
633 3380 864 3454 argumentando
893 3379 1012 3437 dubiam
1040 3379 1119 3437 facis.

69 3477 212 3537 Mandavi
231 3478 310 3535 enim
328 3478 486 3535 memoriae
506 3496 566 3535 non
581 3495 734 3534 numerum
749 3478 851 3547 solum,
867 3476 920 3534 sed
940 3477 1027 3534 etiam
1043 3476 1119 3534 ordi·
1204 3484 1206 3491 '

67 3594 138 3633 nem
164 3585 400 3650 argumentorum
424 3585 548 3633 tuorum.
592 3575 719 3632 Primum
743 3575 803 3644 suit,
830 3592 896 3631 cum
923 3574 1034 3630 caelum
1058 3591 1119 3630 sus·

67 3673 258 3749 pexissemus,
284 3672 380 3730 statim
404 3689 458 3728 nos
483 3672 649 3745 intellegere
678 3689 741 3727 esse
770 3667 890 3745 aliquod
915 3687 1033 3741 numen,
1060 3687 1120 3743 quo

31 3790 54 3829 3⁵
67 3769 143 3827 haec
157 3778 302 3845 regantur.
345 3769 391 3826 Ex
404 3767 462 3826 hoc
476 3766 546 3826 illud
561 3768 666 3827 etiam:
