2446 4102
78 253 139 302 100
402 251 451 300 DE
472 251 618 301 NATURA
637 249 798 301 DEORUM.

72 408 182 467 volunt.
226 389 352 465 Dianam
375 415 473 463 autem
497 414 525 463 et
551 406 663 463 Lunam
689 403 815 463 eandem
837 423 901 464 esse
926 413 1039 482 putant,
1061 425 1126 466 cum

74 506 121 564 Sol
136 504 231 562 dictus
253 505 297 576 sit,
312 503 358 560 vel
373 503 440 577 quia
463 503 541 560 solus
556 521 592 560 ex
606 503 742 561 omnibus
757 502 900 561 sideribus
915 513 959 561 est
973 513 1070 563 tantus
1083 504 1127 563 vel

72 603 150 678 quia,
166 621 234 660 cum
257 611 300 659 est
324 611 449 671 exortus,
466 600 626 659 obscuratis
642 601 777 658 omnibus
800 601 877 659 solus
899 611 1030 676 apparet,
1047 603 1127 660 Luna

72 719 90 757 a
108 700 236 758 lucendo
259 700 409 757 nominata
431 699 467 757 sit
477 719 486 771 3
508 699 614 757 eadem
637 708 680 756 est
703 699 781 756 enirn
805 699 924 756 Lucina.
969 700 1081 774 ltaque,
1097 709 1126 757 ut

73 797 152 873 apud
178 799 309 857 Graecos
335 798 470 868 Dianam,
493 815 617 871 eamque
643 796 816 868 Luciferam,
839 796 880 853 sic
905 794 986 871 apud
1014 807 1152 855 nostross

74 895 220 953 Iunonem
245 895 387 953 Lucinam
410 894 439 952 in
460 893 603 969 pariendo
625 894 782 966 invocant,
803 911 879 969 quae
903 893 1009 951 eadem
1033 895 1126 951 Diana

74 993 262 1067 ‘Omnivaga’
279 992 393 1064 dicitur,
407 1010 469 1049 non
483 1011 501 1048 a
514 990 660 1063 venando,
675 991 728 1049 sed
742 989 824 1066 quod
845 991 876 1048 in
896 1001 1010 1066 septem
1026 1009 1125 1048 nume-

34 1098 60 1139 69
72 1100 150 1147 ratur
163 1100 314 1164 tamquam
327 1089 507 1163 vagantibus.
550 1089 646 1146 Diana
660 1087 747 1160 dicta,
762 1089 831 1163 quia
845 1098 935 1146 noctu
950 1089 1033 1163 quasi
1048 1088 1125 1146 diem

72 1186 208 1244 efficeret.
251 1186 414 1244 Adhibetur
428 1197 526 1243 autem
541 1184 579 1242 ad
600 1195 707 1261 partus
722 1184 804 1261 quod
825 1185 845 1244 ii
866 1195 1065 1244 maturescunt
1079 1195 1126 1243 aut

72 1294 186 1359 septem
200 1302 261 1341 non
275 1302 435 1357 numquam
450 1292 508 1354 aut,
521 1292 552 1340 ut
566 1283 748 1357 plerumque,
763 1301 871 1341 novem
885 1284 970 1341 lunae
987 1284 1124 1355 cursibus,
1138 1304 1158 1331 10

72 1381 122 1454 qui
136 1381 205 1455 quia
218 1399 320 1438 mensa
341 1381 433 1455 spatia
455 1381 625 1451 conficiunt,
642 1382 793 1438 ‘menses'
808 1380 1004 1439 nominantur.
1049 1381 1124 1440 Con·

73 1479 226 1552 cinneque,
242 1487 274 1535 ut
288 1478 387 1549 multa,
401 1478 548 1548 Timaeus,
565 1477 615 1550 qui
637 1495 706 1534 cum
730 1478 761 1534 in
785 1477 903 1535 historia
925 1477 1054 1549 dixisset,
1071 1496 1126 1552 qua

71 1584 159 1632 nocte
175 1585 258 1632 natus
274 1574 438 1632 Alexander
452 1584 537 1646 esset,
553 1574 658 1631 eadem
680 1574 794 1632 Dianae
816 1575 962 1650 Ephesiae
984 1577 1125 1651 templum

72 1671 284 1747 deflagravisse,
300 1672 432 1729 adiunxit
446 1673 565 1729 minime
583 1671 614 1729 id
636 1689 700 1729 esse
725 1670 900 1743 mirandum,
916 1672 997 1747 quod
1022 1674 1124 1745 Diana,

73 1788 140 1826 cum
176 1771 206 1826 in
233 1781 316 1844 partu
346 1770 528 1844 Olympiadis
561 1768 664 1826 adesse
692 1769 839 1840 voluisset,
873 1770 991 1827 afuisset
1025 1770 1157 1834 dom0.15

74 1867 157 1940 Quae
173 1877 271 1924 autem
286 1866 343 1924 dea
356 1865 395 1923 ad
409 1885 454 1924 res
469 1885 571 1924 omnes
585 1867 705 1939 veniret,
720 1867 868 1924 Venerem
881 1867 973 1924 nostri
993 1868 1124 1924 nomina·

71 1973 182 2035 verunt,
212 1975 300 2038 atque
336 1982 373 2021 ex
407 1983 443 2021 ea
469 1965 566 2049 potius
596 1965 766 2021 ‘venustas’
795 1981 884 2038 quam
920 1964 1055 2022 ‘Venus’
1090 1982 1125 2021 ex

72 2070 233 2119 venustate.

28 2134 65 2242 {ff
113 2157 263 2215 Videtisne
279 2159 371 2232 igitur,
383 2168 414 2214 ut
425 2176 443 2214 a
456 2157 582 2232 physicis
597 2158 682 2216 rebus
697 2158 773 2215 bene
785 2167 872 2232 atque
883 2158 989 2215 utiliter
1003 2158 1126 2217 inventis

71 2265 163 2312 tracta
176 2256 248 2312 ratio
263 2256 299 2312 sit
313 2255 351 2312 ad
367 2255 589 2312 commenticios
604 2265 633 2312 et
647 2255 732 2312 fictos
747 2254 841 2312 deos?
861 2271 937 2328 quae
958 2273 1004 2312 res
1025 2256 1126 2330 genuit
1137 2287 1160 2314 20

71 2353 155 2410 falsas
170 2353 323 2426 opiniones
345 2371 513 2427 erroresque
536 2353 716 2410 turbulentos
739 2362 768 2409 et
791 2351 1008 2427 superstitiones
1032 2370 1125 2427 paene

71 2450 170 2507 aniles.
214 2451 252 2505 Et
276 2450 386 2505 formae
410 2450 487 2506 enim
512 2450 597 2507 nobis
623 2447 746 2507 deorum
768 2453 800 2506 et
823 2459 932 2508 aetates
957 2459 987 2507 et
1006 2451 1126 2508 vestitus

72 2557 248 2620 ornatusque
273 2546 335 2604 noti
360 2556 435 2617 sunt,
458 2564 564 2621 genera
588 2557 745 2622 praeterea,
768 2547 911 2622 coniugia,
935 2548 1125 2622 cognationes

72 2645 228 2718 omniaque
256 2643 390 2700 traducta
417 2643 456 2700 ad
487 2643 705 2701 similitudinem
734 2644 927 2702 inbecillitatis
959 2643 1125 2718 humanae;

72 2761 139 2799 nam
155 2752 183 2798 et
198 2741 371 2816 perturbatis
386 2741 489 2797 animis
504 2739 701 2813 inducuntur,
723 2742 891 2815 accepimus
906 2741 986 2798 enim
1001 2740 1125 2800 deorum
1138 2768 1161 2807 ις

72 2839 256 2913 cupiditates,
265 2838 468 2912 aegritudines,
485 2838 647 2895 iracundias
659 2859 667 2910 ;
690 2857 746 2896 nec
757 2857 835 2911 vero,
847 2848 879 2895 ut
893 2838 1006 2896 fabulae
1021 2840 1124 2912 ferunt,

71 2936 152 2993 bellis
167 2936 341 3009 proeliisque
358 2944 519 3006 caruerunt,
534 2953 592 2992 nec
606 2935 709 3006 solum,
724 2944 757 2992 ut
771 2935 850 3011 apud
865 2936 1042 3008 Homerum,
1057 2955 1125 2995 cum

72 3031 131 3090 duo
147 3033 288 3089 exercitus
304 3033 462 3089 contrarios
480 3032 528 3089 alii
543 3031 592 3090 dei
615 3051 651 3089 ex
673 3033 728 3090 alia
750 3044 831 3107 parte
854 3031 1057 3105 defenderent,
1073 3034 1126 3093 sed

71 3131 167 3200 etiam,
191 3139 223 3185 ut
246 3147 314 3185 cum
336 3129 456 3200 Titanis,
480 3138 511 3185 ut
534 3148 603 3186 cum
629 3130 809 3204 Gigantibus,
832 3148 885 3187 sua
908 3131 1027 3205 propria
1050 3132 1126 3190 bella

71 3234 229 3301 gesserunt.
274 3227 360 3282 Haec
383 3236 412 3282 et
427 3226 563 3283 dicuntur
577 3236 605 3283 et
620 3226 777 3284 creduntur
799 3227 964 3286 stultissime
988 3239 1018 3287 et
1040 3229 1127 3305 plena
1139 3255 1165 3293 30

33 3339 57 3381 71
71 3332 138 3380 sunt
166 3322 316 3380 futtilitatis
344 3341 534 3397 summaeque
563 3324 693 3382 levitatis.
736 3324 794 3382 Sed
822 3335 921 3383 tamen
949 3326 994 3385 his
1023 3328 1125 3386 fabulis

71 3420 174 3494 spretis
188 3438 223 3476 ac
245 3419 402 3493 repudiatis
418 3420 489 3478 deus
511 3422 658 3495 pertinens
681 3440 734 3497 per
755 3431 887 3480 naturam
909 3424 1052 3500 cuiusque
1074 3426 1125 3498 rei,

71 3534 124 3591 per
145 3527 233 3575 terras
260 3518 358 3587 Ceres,
380 3535 432 3592 per
456 3519 545 3576 maria
570 3520 734 3594 Neptunus,
756 3521 803 3578 alii
826 3539 878 3595 per
901 3520 963 3592 alia,
989 3532 1127 3596 poterunt

72 3613 198 3689 intellegi
223 3616 273 3689 qui
298 3614 457 3689 qualesque
486 3616 551 3701 sint,
577 3634 694 3690 quoque
724 3635 774 3674 eos
797 3618 916 3675 nomine
941 3619 1127 3679 consuetudo
1178 3628 1187 3653 ⁸

72 3713 292 3788 nuncupaverit,
308 3712 365 3769 hoc
389 3730 439 3771 eos
463 3722 492 3770 et
510 3713 640 3771 venerari
663 3722 693 3775 et
712 3714 807 3772 colere
827 3713 978 3774 debemus.
1022 3716 1127 3778 Cultus
1139 3742 1165 3784 as
