2446 4102
328 282 395 332 nna
413 282 448 333 11.
482 283 747 335 cmxxn-xxrv,
781 286 811 351 §5
825 285 913 352 sara
1110 286 1155 356 97

97 434 152 497 bns
166 435 273 495 nostris
284 437 457 495 constitutae
469 438 693 513 nominataeque
704 449 779 498 sunt.
822 440 970 515 Quicquid
982 442 1060 499 enim
1075 460 1154 518 mag·

97 553 167 593 nam
181 535 334 593 utilitatem
354 535 454 610 generi
469 534 594 592 adferret
608 536 746 607 humano,
762 536 792 593 id
807 554 867 594 non
882 538 943 595 sine
959 537 1057 595 divina
1070 539 1153 597 boni·

97 641 157 690 tate
173 650 242 708 erga
256 632 389 690 homines
401 632 463 689 fieri
474 633 693 691 arbitrabantur.
724 635 826 709 Itaque
838 644 898 691 tum
914 634 992 706 illud,
1002 635 1083 711 quod
1095 646 1155 694 erat

97 748 116 787 a
129 729 190 787 deo
203 738 314 800 natum,
326 729 445 787 nomine
460 729 549 803 ipsius
563 729 611 787 dei
627 731 844 805 nuncupabant,
860 740 891 788 ut
906 749 973 788 cum
988 732 1082 807 fruges
1098 734 1153 792 Ce-

64 847 77 887 s
97 844 192 885 rerem
207 826 396 902 appellamus,
407 826 507 884 vinum
520 837 619 884 autem
634 827 779 899 Liberum,
795 845 831 884 ex
847 846 906 903 quo
922 828 993 887 illud
1006 831 1153 889 Terentii:

241 975 327 1034 Sine
355 973 489 1033 Cerere
517 983 550 1032 et
579 974 713 1032 Libero
741 975 851 1050 friget
877 976 1014 1048 Venus,

97 1131 161 1181 tum
175 1130 273 1180 autem
286 1138 333 1179 res
346 1121 418 1196 ipsa,
432 1121 463 1178 in
477 1120 589 1196 quavis
610 1120 686 1179 inest
706 1121 798 1179 maior
810 1121 914 1197 aliqua,
929 1123 971 1179 sic
986 1123 1154 1198 appellatur,
1168 1141 1192 1182 rr

96 1229 130 1278 ut
144 1237 181 1277 ea
195 1221 259 1294 ipsa
271 1219 438 1277 nominetur
452 1217 533 1289 deus,
549 1226 581 1275 ut
596 1217 693 1289 Fides,
708 1228 740 1276 ut
760 1220 857 1290 Mens,
873 1238 944 1294 quas
965 1220 995 1277 in
1010 1220 1156 1296 Capitolio

98 1316 251 1375 dedicatas
268 1315 400 1374 videmus
421 1315 552 1390 proxime
574 1333 592 1373 a
613 1316 656 1373 M.
672 1316 796 1374 Aemilio
820 1317 946 1389 Scauro,
968 1327 1036 1374 ante
1058 1328 1156 1375 autem

59 1438 86 1466 10
99 1414 137 1472 ab
160 1415 200 1472 Α.
225 1413 313 1471 Atilio
338 1412 473 1471 Calatino
500 1421 561 1470 erat
589 1412 677 1471 Fides
706 1423 884 1472 consecrata.
926 1413 1017 1472 Vides
1038 1415 1156 1473 Virtutis

99 1510 250 1586 templum,
265 1509 348 1568 vides
362 1509 493 1567 Honoris
511 1527 528 1566 a
543 1510 585 1567 M.
602 1510 743 1568 Marcello
764 1522 943 1581 renovatum,
959 1510 1040 1586 quod
1061 1513 1156 1570 multis

99 1617 167 1666 ante
188 1607 272 1665 annis
289 1616 350 1664 erat
364 1607 442 1664 bello
458 1607 605 1682 Ligustico
621 1625 639 1665 a
653 1607 691 1681 Q.
708 1608 839 1665 Maximo
854 1606 1032 1666 dedicatum.
1076 1608 1157 1682 Quid

100 1704 196 1780 Opis?
227 1704 298 1779 quid
326 1704 450 1763 Salutis?
480 1703 550 1779 quid
580 1703 775 1775 Concordiae,
805 1705 966 1776 Libertatis,
990 1706 1158 1763 Victoriae?

100 1821 223 1878 quarum
238 1802 369 1859 omnium
383 1819 478 1859 rerum
492 1801 559 1876 quia
573 1801 615 1860 vis
630 1811 691 1859 erat
704 1811 793 1886 tanta,
808 1810 839 1859 ut
857 1803 919 1859 sine
935 1801 993 1860 deo
1014 1802 1075 1877 regi
1095 1821 1156 1861 non

62 1928 87 1967 ις
100 1899 288 1976 posset,·ipsa
307 1917 353 1957 res
368 1899 491 1958 deorum
512 1917 622 1957 nomen
644 1900 778 1959 obtinuit.
821 1900 890 1974 Quo
912 1918 948 1957 ex
968 1918 1075 1975 genere
1099 1901 1156 1959 Cu-

99 1996 208 2074 pidinis
224 2005 253 2054 et
267 1997 431 2072 Voluptatis
445 2004 475 2054 et
489 1997 671 2055 Lubentinae
686 1998 808 2055 Veneris
823 1998 966 2056 vocabula
987 2006 1159 2055 consecrata

100 2104 177 2166 sunt,
198 2094 366 2152 vitiosarum
389 2111 485 2151 rerum
507 2110 603 2169 neque
625 2095 796 2152 naturalium
807 2115 815 2167 3
842 2113 1017 2169 quamquam
1031 2082 1158 2152 Velleius

101 2192 184 2250 aliter
206 2191 349 2249 existimat
359 2212 367 2264 ;
389 2190 443 2249 sed
466 2200 564 2249 tamen
583 2209 618 2248 ea
639 2191 703 2266 ipsa
718 2192 787 2249 vitia
810 2200 942 2249 naturam
959 2190 1159 2249 vehementius

100 2307 190 2364 saepe
204 2289 328 2364 pulsant.
370 2288 535 2348 Utilitatum
549 2289 634 2364 igitur
650 2288 849 2363 magnitudine
871 2288 1020 2346 constituti
1043 2298 1110 2346 sunt
1131 2288 1159 2346 ei
1171 2301 1196 2341 oa

62 2386 141 2458 aodi,
157 2386 207 2462 qui
221 2386 357 2444 utilitates
371 2403 500 2461 quasque
515 2385 682 2460 gignebant.
724 2387 820 2461 Atque
836 2385 879 2443 his
894 2385 1012 2460 quidem
1034 2385 1157 2443 nomini·

99 2485 165 2556 bus,
180 2501 254 2559 quae
276 2482 363 2559 paulo
384 2492 452 2541 ante
474 2481 553 2541 dicta
574 2492 648 2555 sunt,
664 2500 739 2557 quae
760 2482 803 2541 vis
825 2483 862 2541 sit
883 2483 913 2539 in
927 2499 1045 2558 quoque
1061 2481 1158 2540 decla-

99 2590 179 2639 ratur
199 2579 267 2639 deo.

142 2677 276 2752 Suscepit
300 2686 398 2735 autem
419 2677 477 2736 vita
498 2675 650 2735 hominum
672 2675 914 2751 consuetudoque
937 2675 1110 2747 communis,
1125 2683 1203 2738 ut24

99 2774 252 2835 beneficiis
267 2775 434 2832 excellentis
450 2775 525 2832 viros
541 2775 569 2832 in
585 2775 699 2832 caelum
713 2774 789 2831 fama
804 2792 839 2831 ac
853 2774 1000 2831 voluntate
1016 2774 1158 2831 tollerent.

62 2894 87 2934 τε
101 2873 185 2931 Hinc
208 2872 362 2943 Hercules,
382 2871 451 2929 hinc
473 2872 577 2930 Castor
601 2881 631 2930 et
653 2871 762 2942 Pollux,
782 2872 850 2929 hinc
870 2871 1069 2945 Aesculapius
1090 2871 1159 2928 hinc

102 2969 192 3029 Liber
206 2969 293 3026 etiam
312 2968 405 3044 (hunc
420 2968 489 3026 dico
505 2969 642 3027 Liberum
657 2970 771 3028 Semela
785 2979 894 3040 natum,
906 2986 966 3025 non
982 2985 1059 3038 eum,
1072 2986 1160 3042 quem

100 3066 192 3126 nostri
205 3067 329 3124 maiores
351 3075 471 3141 auguste
493 3076 651 3141 sancteque
671 3063 842 3143 [Liberum]
861 3084 929 3122 cum
944 3065 1051 3123 Cerere
1067 3073 1096 3122 et
1112 3064 1158 3122 Li·

100 3165 172 3224 bera
185 3172 436 3234 consecraverunt,
453 3162 533 3238 quod
548 3164 632 3238 quale
648 3164 692 3234 sit,
704 3181 741 3220 ex
755 3163 896 3238 mysteriis
911 3161 1038 3237 intellegi
1052 3171 1159 3237 potest.

100 3261 161 3320 Sed
183 3260 264 3336 quod
287 3279 323 3318 ex
345 3260 430 3319 nobis
453 3270 537 3318 natos
559 3261 699 3318 ‘liberos'
722 3260 910 3336 appellamus,
926 3259 1037 3317 idcirco
1053 3259 1159 3318 Cerere

62 3391 88 3429 ,ο
100 3359 163 3417 nati
176 3358 317 3416 nominati
332 3366 399 3416 sunt
414 3358 501 3416 Liber
523 3368 552 3416 et
576 3358 689 3433 Libera,
705 3357 786 3433 quod
808 3358 839 3415 in
863 3357 968 3416 Libera
990 3366 1115 3427 servant,
1131 3356 1160 3413 in

100 3460 208 3518 Libero
226 3477 288 3517 non
309 3458 408 3535 item),
427 3460 495 3517 hinc
515 3459 603 3517 etiam
620 3460 771 3531 Romulus,
787 3477 876 3534 quem
890 3458 1010 3533 quidem
1032 3457 1160 3516 eundem

100 3575 165 3616 esse
188 3557 343 3631 Quirinum
364 3567 467 3632 putant
477 3579 486 3630 3
512 3576 635 3633 quornm
660 3577 728 3615 cum
752 3567 936 3614 remanerent
960 3557 1048 3614 animi
1073 3565 1160 3631 atque

98 3655 271 3714 aeternitate
292 3655 460 3727 fruerentur,
475 3655 528 3713 rite
544 3653 575 3712 di
595 3663 662 3712 sunt
683 3654 782 3725 habiti,
798 3672 865 3711 cum
887 3663 916 3710 et
938 3653 1042 3729 optimi
1064 3661 1161 3710 essent

100 3762 131 3812 et
145 3751 265 3811 aeterni.
