2446 4102
322 281 388 331 un.
401 281 451 330 111.
485 279 743 340 cmxvrrnxrx.
778 282 808 346 §5
823 293 912 348 45-50·
1081 285 1137 353 151
1172 240 1175 245 Α

84 438 143 514 ipsi
163 455 320 513 possumus
341 435 460 511 fingere.
505 432 595 508 Quod
616 433 640 492 si
660 434 720 491 veri
741 436 832 494 simile
854 455 914 495 non
935 449 987 510 est,
1010 458 1048 498 ne
1070 441 1142 500 illud

85 533 210 611 quidem
225 544 277 605 est,
294 533 367 590 haec
382 531 462 590 unde
476 531 628 589 fluxerunt.
671 531 751 605 Quid
770 543 869 590 autem
884 534 965 606 dicis,
982 537 1005 594 si
1024 537 1055 594 di
1074 549 1140 597 sunt
1148 544 1184 599 19

85 632 135 704 illi,
151 651 226 708 quos
241 631 363 689 colimus
378 639 407 688 et
421 629 599 704 accepimus,
615 647 666 686 cur
680 648 739 687 non
757 629 864 688 eodem
882 633 912 690 in
931 652 1036 708 genere
1059 637 1139 694 Sera·

84 731 149 807 pim
179 731 307 804 Isimque
330 728 537 786 numeremus?
566 725 646 802 quod
671 727 695 784 si
720 728 850 800 facimus,
874 749 925 787 cur
954 732 1140 792 barbarorum

53 847 65 888 s
86 827 160 887 deos
180 827 388 903 repudiemus?
429 814 524 883 Boves
544 825 628 900 igitur
648 834 676 881 et
691 843 792 900 equos,
808 827 871 897 ibis,
888 829 1048 903 accipitres,
1065 831 1139 906 aspi·

85 926 150 998 das,
177 924 351 995 crocodilos,
377 924 482 998 pisces,
508 940 605 993 canes,
631 923 724 997 lupos,
748 924 836 994 faelis,
862 925 965 983 multas
991 938 1140 1001 praeterea

85 1023 188 1082 beluas
213 1023 243 1080 in
268 1022 390 1080 deorum
415 1039 569 1078 numerum
591 1037 776 1094 reponemus.
820 1021 904 1094 Quae
930 1024 953 1080 si
976 1025 1138 1097 reiciamuS‚

85 1120 135 1178 illa
159 1138 287 1196 quoque,
308 1117 387 1176 unde
412 1118 486 1175 haec
510 1128 579 1174 nata
603 1126 678 1188 sunt,
701 1119 863 1176 reiciemus.
907 1120 987 1193 Quid
1011 1121 1177 1181 deindelts

86 1219 144 1276 Ino
159 1218 217 1275 dea
230 1216 354 1275 ducetur
370 1225 400 1273 et
414 1214 553 1273 Λευκοθέα
567 1234 584 1272 a
599 1215 728 1285 Graecis,
745 1234 763 1272 a
782 1216 865 1273 nobis
881 1219 995 1275 Matuta
1015 1218 1138 1292 dicetur,

48 1341 72 1369 ιο
85 1334 157 1373 cum
178 1314 215 1372 sit
236 1313 342 1372 Cadmi
362 1313 429 1384 filia,
445 1313 530 1370 Circe
552 1322 649 1369 autem
672 1321 701 1370 et
724 1313 865 1388 Pasiphae
888 1325 917 1371 et
932 1318 1054 1395 Aeetae
1071 1319 1137 1375 Per·

84 1411 179 1483 seide,
205 1411 319 1471 Oceani
342 1411 409 1482 filia,
434 1411 502 1480 nati,
526 1420 607 1484 patre
633 1410 707 1481 Sole,
730 1410 759 1467 in
784 1410 906 1469 deorum
932 1431 1054 1471 numero
1078 1433 1138 1472 non

84 1509 291 1569 habebuntur?
311 1525 491 1583 quamquam
506 1506 612 1565 Circen
626 1525 744 1581 quoque
760 1509 858 1566 ccloni
877 1510 968 1567 nostri
990 1511 1136 1568 Circeien-
1179 1522 1182 1528 '

85 1626 133 1666 ses
157 1606 290 1681 religiose
315 1605 423 1663 colunt.
467 1605 546 1679 Ergo
570 1604 647 1661 hanc
670 1604 758 1661 deam
781 1605 893 1663 duces?
917 1607 988 1682 quid
1011 1608 1137 1666 Medeae

84 1704 288 1780 respondebis,
311 1722 385 1779 quae
408 1702 524 1760 duobus
545 1702 613 1773 avis,
637 1703 702 1760 Sole
725 1712 754 1760 et
776 1703 908 1777 Oceano,
931 1706 1024 1763 Aeeta
1046 1716 1136 1780 patre,

48 1830 72 1868 15
85 1814 177 1862 matre
202 1801 286 1877 Idyia
307 1810 459 1876 procreata
480 1801 545 1858 est?
572 1799 644 1876 quid
666 1800 750 1859 huius
771 1801 895 1876 Absyrto
916 1803 1001 1874 fratri,
1024 1803 1073 1877 qui
1095 1812 1139 1862 est

84 1899 168 1976 apud
193 1899 351 1957 Pacuvium
376 1898 551 1974 Aegialeus?
577 1898 631 1956 sed
656 1897 726 1955 illud
750 1918 861 1957 nomen
883 1911 1014 1957 veterum
1039 1900 1138 1961 litteris

84 1998 225 2057 usitatius
269 1996 328 2071 Qui
353 1997 376 2054 si
400 1995 430 2054 di
456 2015 516 2053 non
541 2009 615 2067 sunt,
641 2014 750 2067 vereor,
773 1996 844 2071 quid
868 2007 934 2071 agat
961 1999 1015 2055 Ino
1026 2020 1035 2071 3
1065 1999 1137 2058 haec

84 2095 166 2154 enim
187 2095 287 2153 omnia
311 2113 347 2152 ex
371 2093 479 2152 eodem
503 2094 584 2150 fonte
609 2093 761 2151 fluxerunt.
804 2095 851 2150 An
872 2094 1064 2169 Amphiaraus
1086 2099 1137 2168 erit
1151 2114 1176 2154 ro

84 2192 159 2252 deus
184 2201 214 2250 et
237 2192 447 2267 Trophonius?
489 2191 589 2248 Nostri
613 2190 734 2265 quidem
762 2191 919 2266 publicani,
946 2211 1014 2249 cum
1042 2205 1138 2253 essent

46 2291 146 2366 magri
173 2290 204 2348 in
232 2290 356 2348 Boeotia
383 2289 506 2347 deorum
534 2289 730 2346 inmortalium
759 2289 875 2363 excepti
904 2289 967 2364 lege
996 2293 1136 2365 censoria,

82 2388 231 2464 negabant
245 2387 403 2446 inmortalis
418 2403 482 2442 esse
501 2385 584 2456 ullos,
601 2386 650 2460 qui
672 2385 828 2460 aliquando
851 2386 984 2445 homines
1007 2389 1136 2449 fuissent.

83 2484 144 2546 Sed
158 2486 182 2544 si
196 2495 263 2543 sunt
279 2484 309 2542 hi
328 2483 367 2555 di,
384 2492 428 2541 est
447 2493 525 2540 certe
548 2483 739 2554 Erechtheus,
756 2484 837 2540 cuius
859 2484 981 2542 Athenis
1005 2497 1033 2543 et
1056 2486 1135 2547 delu-

81 2583 168 2642 brum
182 2581 307 2639 vidimus
322 2591 351 2639 et
366 2579 558 2638 sacerdotem.
599 2580 697 2653 Quem
712 2581 734 2637 si
750 2579 839 2637 deum
854 2581 985 2653 facimus,
1002 2582 1072 2658 quid
1087 2594 1137 2642 aut

83 2680 122 2739 de
138 2679 238 2739 Codro
253 2679 385 2737 dubitare
400 2696 555 2752 possumus
570 2687 619 2734 aut
637 2677 675 2734 de
695 2678 808 2744 ceteris,
824 2679 874 2752 qui
896 2690 1060 2754 pugnantes
1083 2700 1137 2756 pro

44 2804 68 2842 25
82 2778 193 2854 patriae
212 2777 343 2834 libertate
361 2774 554 2832 ceciderunt?
575 2774 655 2849 quod
671 2775 694 2832 si
708 2775 858 2849 probabile
879 2794 940 2833 non
962 2787 1014 2847 est,
1031 2797 1067 2835 ne
1091 2780 1138 2838 illa

82 2874 204 2951 quidem
225 2874 382 2949 superiora,
404 2870 483 2929 unde
504 2872 579 2929 haec
600 2883 727 2942 manant,
748 2872 900 2946 probanda
922 2884 996 2930 sunt.
1040 2878 1136 2950 Atque
1149 2896 1173 2936 ro

82 2974 112 3032 in
134 2972 278 3048 plerisque
300 2971 462 3028 civitatibus
485 2969 612 3044 intellegi
631 2979 728 3044 potest
743 2969 895 3043 augendae
911 2971 1021 3028 virtutis
1036 2975 1135 3046 gratia,

82 3089 142 3147 quo
156 3071 292 3128 libentius
307 3069 348 3125 rei
361 3068 496 3143 publicae
511 3086 599 3124 causa
617 3067 779 3142 periculum
798 3067 890 3124 adiret
911 3069 1037 3143 optimus
1058 3072 1134 3145 quis-

82 3185 150 3243 que,
171 3167 297 3224 virorum
319 3165 435 3222 sortium
458 3165 628 3221 memoriam
650 3164 761 3221 honore
785 3164 908 3221 deorum
931 3166 1135 3225 immortalium

44 3293 69 3330 30
82 3273 292 3322 consecratam.
335 3263 383 3321 Ob
399 3280 463 3319 earn
479 3263 558 3319 enim
573 3263 665 3336 ipsam
680 3281 797 3319 causam
816 3262 998 3321 Erechtheus
1013 3265 1134 3324 Athenis

81 3361 216 3436 filiaeque
238 3361 299 3417 eius
320 3360 350 3417 in
371 3378 494 3417 numero
514 3358 637 3416 deorum
653 3370 720 3416 sunt
730 3381 739 3432 3
761 3361 890 3435 itemque
907 3364 923 3434 'r
942 3362 1133 3420 Leonaticum

82 3468 126 3518 est
153 3457 307 3516 delubrum
335 3456 466 3528 Athenis,
492 3455 572 3531 quod
601 3457 766 3515 Leocorion
790 3459 965 3518 nominatur.
1008 3461 1132 3518 Alaban·

81 3555 188 3614 denses
208 3553 329 3631 quidem
350 3554 477 3613 sanctius
498 3553 685 3612 Alabandum
707 3555 815 3626 colunt,
832 3574 849 3612 a
868 3574 927 3630 quo
943 3567 986 3614 est
1001 3558 1068 3615 urbs
1087 3557 1134 3614 illa

81 3652 210 3725 condita,
233 3672 321 3728 quam
344 3671 521 3728 quemquam
543 3651 685 3710 nobilium
707 3652 829 3710 deorum
841 3673 850 3725 ;
873 3653 953 3728 apud
976 3673 1049 3729 quos
1073 3671 1133 3712 non

43 3776 68 3815 33
81 3750 221 3810 inurbane
244 3749 431 3821 Stratonicus,
449 3758 482 3806 ut
505 3748 603 3819 multa,
626 3767 694 3806 curn
716 3747 835 3823 quidam
857 3750 885 3807 ei
906 3750 1045 3808 molestus
1066 3750 1131 3808 Ala-
