<?xml version="1.0" encoding="UTF-8"?>
<!DOCTYPE html PUBLIC "-//W3C//DTD XHTML 1.0 Transitional//EN"
    "http://www.w3.org/TR/xhtml1/DTD/xhtml1-transitional.dtd">
<html xmlns="http://www.w3.org/1999/xhtml" xml:lang="en" lang="en">
 <head>
  <title>
</title>
<meta http-equiv="Content-Type" content="text/html;charset=utf-8" />
  <meta name='ocr-system' content='tesseract 3.04.00' />
  <meta name='ocr-capabilities' content='ocr_page ocr_carea ocr_par ocr_line ocrx_word'/>
</head>
<body>
  <div class='ocr_page' id='page_1' title='image "./mtulliiciceroni00schgoog_0172.png"; bbox 0 0 2446 4102; ppageno 0'>
   <div class='ocr_carea' id='block_1_1' title="bbox 274 291 1143 361">
    <p class='ocr_par' dir='ltr' id='par_1_1' title="bbox 274 291 1143 361">
     <span class='ocr_line' id='line_1_1' title="bbox 274 291 1143 361; baseline -0.006 -16"><span class='ocrx_word' id='word_1_1' title='bbox 274 294 341 345; x_wconf 78' lang='lat' dir='ltr'>Lm.</span> <span class='ocrx_word' id='word_1_2' title='bbox 355 295 406 344; x_wconf 91' lang='lat'>111.</span> <span class='ocrx_word' id='word_1_3' title='bbox 442 294 503 345; x_wconf 68' lang='lat' dir='ltr'>cm.</span> <span class='ocrx_word' id='word_1_4' title='bbox 518 294 754 354; x_wconf 70' lang='lat' dir='ltr'>xxvunxxrx.</span> <span class='ocrx_word' id='word_1_5' title='bbox 791 293 924 359; x_wconf 48' lang='lat' dir='ltr'>§rema</span> <span class='ocrx_word' id='word_1_6' title='bbox 1083 291 1143 361; x_wconf 80' lang='lat'>159</span> 
     </span>
    </p>
   </div>
   <div class='ocr_carea' id='block_1_2' title="bbox 17 446 1187 1300">
    <p class='ocr_par' dir='ltr' id='par_1_2' title="bbox 91 446 1143 520">
     <span class='ocr_line' id='line_1_2' title="bbox 91 446 1143 520; baseline 0 -14"><span class='ocrx_word' id='word_1_7' title='bbox 91 465 165 519; x_wconf 89' lang='lat' dir='ltr'>mus,</span> <span class='ocrx_word' id='word_1_8' title='bbox 181 448 206 507; x_wconf 91' lang='lat' dir='ltr'>si</span> <span class='ocrx_word' id='word_1_9' title='bbox 224 446 316 506; x_wconf 92' lang='lat' dir='ltr'>modo</span> <span class='ocrx_word' id='word_1_10' title='bbox 334 447 486 520; x_wconf 91' lang='lat' dir='ltr'>habemus,</span> <span class='ocrx_word' id='word_1_11' title='bbox 500 448 610 508; x_wconf 89' lang='lat' dir='ltr'>bonam</span> <span class='ocrx_word' id='word_1_12' title='bbox 625 458 723 506; x_wconf 92' lang='lat' dir='ltr'>autem</span> <span class='ocrx_word' id='word_1_13' title='bbox 737 448 881 507; x_wconf 91' lang='lat' dir='ltr'>rationem</span> <span class='ocrx_word' id='word_1_14' title='bbox 895 456 1019 506; x_wconf 89' lang='lat' dir='ltr'>autnon</span> <span class='ocrx_word' id='word_1_15' title='bbox 1033 447 1143 506; x_wconf 88' lang='lat' dir='ltr'>bonam</span> 
     </span>
    </p>

    <p class='ocr_par' dir='ltr' id='par_1_3' title="bbox 91 534 1171 621">
     <span class='ocr_line' id='line_1_3' title="bbox 91 534 1171 621; baseline 0.001 -19"><span class='ocrx_word' id='word_1_16' title='bbox 91 564 110 602; x_wconf 91' lang='lat' dir='ltr'>a</span> <span class='ocrx_word' id='word_1_17' title='bbox 129 544 224 605; x_wconf 91' lang='lat' dir='ltr'>nobis.</span> <span class='ocrx_word' id='word_1_18' title='bbox 267 545 337 603; x_wconf 90' lang='lat' dir='ltr'>Non</span> <span class='ocrx_word' id='word_1_19' title='bbox 358 545 447 616; x_wconf 91' lang='lat' dir='ltr'>enim,</span> <span class='ocrx_word' id='word_1_20' title='bbox 469 553 501 603; x_wconf 92' lang='lat' dir='ltr'>ut</span> <span class='ocrx_word' id='word_1_21' title='bbox 521 545 728 620; x_wconf 87' lang='lat' dir='ltr'>patrimonium</span> <span class='ocrx_word' id='word_1_22' title='bbox 749 546 927 621; x_wconf 86' lang='lat' dir='ltr'>relinquitur,</span> <span class='ocrx_word' id='word_1_23' title='bbox 943 545 985 603; x_wconf 91' lang='lat' dir='ltr'>sic</span> <span class='ocrx_word' id='word_1_24' title='bbox 1006 545 1078 603; x_wconf 88' lang='lat' dir='ltr'>ratio</span> <span class='ocrx_word' id='word_1_25' title='bbox 1100 554 1144 603; x_wconf 91' lang='lat' dir='ltr'>est</span> <span class='ocrx_word' id='word_1_26' title='bbox 1169 534 1171 539; x_wconf 54' lang='grc'>’</span> 
     </span>
    </p>

    <p class='ocr_par' dir='ltr' id='par_1_4' title="bbox 91 641 1143 719">
     <span class='ocr_line' id='line_1_4' title="bbox 91 641 1143 719; baseline 0.001 -20"><span class='ocrx_word' id='word_1_27' title='bbox 91 642 204 700; x_wconf 90' lang='lat' dir='ltr'>homini</span> <span class='ocrx_word' id='word_1_28' title='bbox 224 642 369 700; x_wconf 89' lang='lat' dir='ltr'>beneficio</span> <span class='ocrx_word' id='word_1_29' title='bbox 391 641 514 700; x_wconf 90' lang='lat' dir='ltr'>deorum</span> <span class='ocrx_word' id='word_1_30' title='bbox 537 641 613 700; x_wconf 89' lang='lat' dir='ltr'>data.</span> <span class='ocrx_word' id='word_1_31' title='bbox 657 642 738 716; x_wconf 88' lang='lat' dir='ltr'>Quid</span> <span class='ocrx_word' id='word_1_32' title='bbox 759 643 837 700; x_wconf 91' lang='lat' dir='ltr'>enim</span> <span class='ocrx_word' id='word_1_33' title='bbox 859 643 956 719; x_wconf 88' lang='lat' dir='ltr'>potius</span> <span class='ocrx_word' id='word_1_34' title='bbox 977 642 1143 701; x_wconf 92' lang='lat' dir='ltr'>hominibus</span> 
     </span>
    </p>

    <p class='ocr_par' dir='ltr' id='par_1_5' title="bbox 59 737 1144 910">
     <span class='ocr_line' id='line_1_5' title="bbox 92 737 1142 815; baseline 0.001 -18"><span class='ocrx_word' id='word_1_35' title='bbox 92 737 251 809; x_wconf 85' lang='lat' dir='ltr'>dedissent,</span> <span class='ocrx_word' id='word_1_36' title='bbox 267 739 291 797; x_wconf 94' lang='lat' dir='ltr'>si</span> <span class='ocrx_word' id='word_1_37' title='bbox 305 739 339 797; x_wconf 91' lang='lat' dir='ltr'>iis</span> <span class='ocrx_word' id='word_1_38' title='bbox 353 756 461 797; x_wconf 90' lang='lat' dir='ltr'>nocere</span> <span class='ocrx_word' id='word_1_39' title='bbox 475 739 654 797; x_wconf 87' lang='lat' dir='ltr'>voluissent?</span> <span class='ocrx_word' id='word_1_40' title='bbox 696 740 856 798; x_wconf 82' lang='lat' dir='ltr'>Iniustitiae</span> <span class='ocrx_word' id='word_1_41' title='bbox 877 751 984 811; x_wconf 88' lang='lat' dir='ltr'>autem,</span> <span class='ocrx_word' id='word_1_42' title='bbox 1000 741 1142 815; x_wconf 91' lang='lat' dir='ltr'>intempe-</span> 
     </span>
     <span class='ocr_line' id='line_1_6' title="bbox 59 834 1144 910; baseline 0.001 -17"><span class='ocrx_word' id='word_1_43' title='bbox 59 837 210 906; x_wconf 78' lang='lat' dir='ltr'>srantiae,</span> <span class='ocrx_word' id='word_1_44' title='bbox 234 834 394 894; x_wconf 89' lang='lat' dir='ltr'>timiditatis</span> <span class='ocrx_word' id='word_1_45' title='bbox 417 853 491 910; x_wconf 93' lang='lat' dir='ltr'>quae</span> <span class='ocrx_word' id='word_1_46' title='bbox 515 837 627 895; x_wconf 88' lang='lat' dir='ltr'>semina</span> <span class='ocrx_word' id='word_1_47' title='bbox 650 847 755 908; x_wconf 87' lang='lat' dir='ltr'>essent,</span> <span class='ocrx_word' id='word_1_48' title='bbox 779 838 803 894; x_wconf 92' lang='lat' dir='ltr'>si</span> <span class='ocrx_word' id='word_1_49' title='bbox 825 837 869 895; x_wconf 91' lang='lat' dir='ltr'>his</span> <span class='ocrx_word' id='word_1_50' title='bbox 891 838 966 894; x_wconf 90' lang='lat' dir='ltr'>vitiis</span> <span class='ocrx_word' id='word_1_51' title='bbox 988 837 1060 894; x_wconf 87' lang='lat' dir='ltr'>ratio</span> <span class='ocrx_word' id='word_1_52' title='bbox 1083 855 1144 894; x_wconf 90' lang='lat' dir='ltr'>non</span> 
     </span>
    </p>

    <p class='ocr_par' dir='ltr' id='par_1_6' title="bbox 17 931 1187 1300">
     <span class='ocr_line' id='line_1_7' title="bbox 92 931 1187 1005; baseline 0.001 -15"><span class='ocrx_word' id='word_1_53' title='bbox 92 933 245 990; x_wconf 85' lang='lat' dir='ltr'>subesset?</span> <span class='ocrx_word' id='word_1_54' title='bbox 285 931 396 990; x_wconf 87' lang='lat' dir='ltr'>Medea</span> <span class='ocrx_word' id='word_1_55' title='bbox 409 932 500 991; x_wconf 93' lang='lat' dir='ltr'>modo</span> <span class='ocrx_word' id='word_1_56' title='bbox 516 943 546 991; x_wconf 91' lang='lat' dir='ltr'>et</span> <span class='ocrx_word' id='word_1_57' title='bbox 559 936 664 991; x_wconf 89' lang='lat' dir='ltr'>Atreus</span> <span class='ocrx_word' id='word_1_58' title='bbox 684 934 989 992; x_wconf 86' lang='lat' dir='ltr'>commemorabantur</span> <span class='ocrx_word' id='word_1_59' title='bbox 1010 953 1028 990; x_wconf 90' lang='lat' dir='ltr'>a</span> <span class='ocrx_word' id='word_1_60' title='bbox 1048 933 1187 1005; x_wconf 73' lang='lat' dir='ltr'>nobis,29</span> 
     </span>
     <span class='ocr_line' id='line_1_8' title="bbox 17 1029 1145 1106; baseline 0.003 -22"><span class='ocrx_word' id='word_1_61' title='bbox 17 1078 19 1083; x_wconf 94' lang='lat'><em>.</em></span> <span class='ocrx_word' id='word_1_62' title='bbox 92 1029 228 1087; x_wconf 87' lang='lat' dir='ltr'>heroicae</span> <span class='ocrx_word' id='word_1_63' title='bbox 252 1046 405 1105; x_wconf 87' lang='lat' dir='ltr'>personae,</span> <span class='ocrx_word' id='word_1_64' title='bbox 430 1029 501 1087; x_wconf 89' lang='lat' dir='ltr'>inita</span> <span class='ocrx_word' id='word_1_65' title='bbox 528 1029 731 1106; x_wconf 89' lang='lat' dir='ltr'>subductaque</span> <span class='ocrx_word' id='word_1_66' title='bbox 758 1030 870 1088; x_wconf 89' lang='lat' dir='ltr'>ratione</span> <span class='ocrx_word' id='word_1_67' title='bbox 898 1031 1008 1088; x_wconf 84' lang='lat' dir='ltr'>nefaria</span> <span class='ocrx_word' id='word_1_68' title='bbox 1035 1031 1145 1088; x_wconf 90' lang='lat' dir='ltr'>scelera</span> 
     </span>
     <span class='ocr_line' id='line_1_9' title="bbox 93 1124 1182 1203; baseline 0.005 -20"><span class='ocrx_word' id='word_1_69' title='bbox 93 1124 278 1185; x_wconf 90' lang='lat' dir='ltr'>meditantes.</span> <span class='ocrx_word' id='word_1_70' title='bbox 322 1125 423 1201; x_wconf 86' lang='lat' dir='ltr'>Quid?</span> <span class='ocrx_word' id='word_1_71' title='bbox 446 1127 576 1185; x_wconf 90' lang='lat' dir='ltr'>levitates</span> <span class='ocrx_word' id='word_1_72' title='bbox 595 1127 728 1184; x_wconf 86' lang='lat' dir='ltr'>comicae</span> <span class='ocrx_word' id='word_1_73' title='bbox 749 1145 890 1203; x_wconf 87' lang='lat' dir='ltr'>parumne</span> <span class='ocrx_word' id='word_1_74' title='bbox 912 1145 1029 1202; x_wconf 90' lang='lat' dir='ltr'>semper</span> <span class='ocrx_word' id='word_1_75' title='bbox 1049 1127 1079 1184; x_wconf 92' lang='lat' dir='ltr'>in</span> <span class='ocrx_word' id='word_1_76' title='bbox 1099 1145 1143 1183; x_wconf 89' lang='lat' dir='ltr'>ra·</span> <span class='ocrx_word' id='word_1_77' title='bbox 1157 1146 1182 1188; x_wconf 78' lang='lat' dir='ltr'>ta</span> 
     </span>
     <span class='ocr_line' id='line_1_10' title="bbox 91 1222 1105 1300; baseline 0 -19"><span class='ocrx_word' id='word_1_78' title='bbox 91 1222 173 1281; x_wconf 90' lang='lat' dir='ltr'>tione</span> <span class='ocrx_word' id='word_1_79' title='bbox 188 1224 357 1281; x_wconf 84' lang='lat' dir='ltr'>versantur?</span> <span class='ocrx_word' id='word_1_80' title='bbox 376 1241 517 1299; x_wconf 89' lang='lat' dir='ltr'>parumne</span> <span class='ocrx_word' id='word_1_81' title='bbox 532 1223 674 1283; x_wconf 90' lang='lat' dir='ltr'>subtiliter</span> <span class='ocrx_word' id='word_1_82' title='bbox 687 1223 817 1300; x_wconf 89' lang='lat' dir='ltr'>disputat</span> <span class='ocrx_word' id='word_1_83' title='bbox 831 1224 876 1281; x_wconf 93' lang='lat' dir='ltr'>ille</span> <span class='ocrx_word' id='word_1_84' title='bbox 892 1224 922 1281; x_wconf 92' lang='lat' dir='ltr'>in</span> <span class='ocrx_word' id='word_1_85' title='bbox 937 1223 1105 1282; x_wconf 91' lang='lat' dir='ltr'>Eunucho?</span> 
     </span>
    </p>
   </div>
   <div class='ocr_carea' id='block_1_3' title="bbox 54 1352 1144 1606">
    <p class='ocr_par' dir='ltr' id='par_1_7' title="bbox 54 1352 1144 1606">
     <span class='ocr_line' id='line_1_11' title="bbox 54 1352 718 1430; baseline 0.006 -21"><span class='ocrx_word' id='word_1_86' title='bbox 54 1381 80 1410; x_wconf 76' lang='grc' dir='ltr'>ιο</span> <span class='ocrx_word' id='word_1_87' title='bbox 176 1352 272 1428; x_wconf 90' lang='lat' dir='ltr'>Quid</span> <span class='ocrx_word' id='word_1_88' title='bbox 294 1353 405 1430; x_wconf 88' lang='lat' dir='ltr'>lgitur</span> <span class='ocrx_word' id='word_1_89' title='bbox 424 1354 579 1413; x_wconf 84' lang='lat' dir='ltr'>faciam?</span> <span class='ocrx_word' id='word_1_90' title='bbox 593 1397 718 1413; x_wconf 87' lang='grc'><strong>......</strong></span> 
     </span>
     <span class='ocr_line' id='line_1_12' title="bbox 176 1450 1144 1524; baseline 0 -16"><span class='ocrx_word' id='word_1_91' title='bbox 176 1450 358 1523; x_wconf 75' lang='lat' dir='ltr'>Exclusit,</span> <span class='ocrx_word' id='word_1_92' title='bbox 386 1460 554 1524; x_wconf 87' lang='lat' dir='ltr'>revocat;</span> <span class='ocrx_word' id='word_1_93' title='bbox 585 1450 753 1510; x_wconf 75' lang='lat' dir='ltr'>redeam?</span> <span class='ocrx_word' id='word_1_94' title='bbox 782 1469 868 1523; x_wconf 90' lang='lat' dir='ltr'>non,</span> <span class='ocrx_word' id='word_1_95' title='bbox 896 1452 926 1510; x_wconf 90' lang='lat' dir='ltr'>si</span> <span class='ocrx_word' id='word_1_96' title='bbox 954 1469 1008 1509; x_wconf 91' lang='lat' dir='ltr'>me</span> <span class='ocrx_word' id='word_1_97' title='bbox 1037 1451 1144 1509; x_wconf 82' lang='lat' dir='ltr'>obse·</span> 
     </span>
     <span class='ocr_line' id='line_1_13' title="bbox 855 1557 942 1606; baseline 0.011 -1"><span class='ocrx_word' id='word_1_98' title='bbox 855 1557 942 1606; x_wconf 91' lang='lat' dir='ltr'>eret.</span> 
     </span>
    </p>
   </div>
   <div class='ocr_carea' id='block_1_4' title="bbox 56 1695 1144 1966">
    <p class='ocr_par' dir='ltr' id='par_1_8' title="bbox 56 1695 1144 1966">
     <span class='ocr_line' id='line_1_14' title="bbox 95 1695 1143 1772; baseline -0.004 -16"><span class='ocrx_word' id='word_1_99' title='bbox 95 1697 147 1756; x_wconf 92' lang='lat' dir='ltr'>Ille</span> <span class='ocrx_word' id='word_1_100' title='bbox 168 1714 237 1755; x_wconf 89' lang='lat' dir='ltr'>vero</span> <span class='ocrx_word' id='word_1_101' title='bbox 257 1696 288 1754; x_wconf 90' lang='lat' dir='ltr'>in</span> <span class='ocrx_word' id='word_1_102' title='bbox 308 1696 489 1772; x_wconf 91' lang='lat' dir='ltr'>Synephebis</span> <span class='ocrx_word' id='word_1_103' title='bbox 511 1695 757 1755; x_wconf 89' lang='lat' dir='ltr'>Academicorum</span> <span class='ocrx_word' id='word_1_104' title='bbox 777 1713 859 1754; x_wconf 90' lang='lat' dir='ltr'>more</span> <span class='ocrx_word' id='word_1_105' title='bbox 884 1704 987 1753; x_wconf 87' lang='lat' dir='ltr'>contra</span> <span class='ocrx_word' id='word_1_106' title='bbox 1010 1711 1143 1753; x_wconf 88' lang='lat' dir='ltr'>commu·</span> 
     </span>
     <span class='ocr_line' id='line_1_15' title="bbox 93 1792 1144 1869; baseline -0.002 -17"><span class='ocrx_word' id='word_1_107' title='bbox 93 1812 163 1852; x_wconf 91' lang='lat' dir='ltr'>nem</span> <span class='ocrx_word' id='word_1_108' title='bbox 184 1793 355 1869; x_wconf 87' lang='lat' dir='ltr'>opinionem</span> <span class='ocrx_word' id='word_1_109' title='bbox 376 1810 437 1851; x_wconf 92' lang='lat' dir='ltr'>non</span> <span class='ocrx_word' id='word_1_110' title='bbox 458 1793 572 1852; x_wconf 90' lang='lat' dir='ltr'>dubitat</span> <span class='ocrx_word' id='word_1_111' title='bbox 592 1811 722 1869; x_wconf 90' lang='lat' dir='ltr'>pugnare</span> <span class='ocrx_word' id='word_1_112' title='bbox 741 1792 861 1863; x_wconf 88' lang='lat' dir='ltr'>ratione,</span> <span class='ocrx_word' id='word_1_113' title='bbox 877 1792 927 1867; x_wconf 92' lang='lat' dir='ltr'>qui</span> <span class='ocrx_word' id='word_1_114' title='bbox 949 1792 1001 1849; x_wconf 91' lang='lat' dir='ltr'>‘in</span> <span class='ocrx_word' id='word_1_115' title='bbox 1022 1809 1144 1850; x_wconf 86' lang='lat' dir='ltr'>amore</span> 
     </span>
     <span class='ocr_line' id='line_1_16' title="bbox 56 1888 950 1966; baseline -0.006 -15"><span class='ocrx_word' id='word_1_116' title='bbox 56 1913 80 1952; x_wconf 72' lang='lat' dir='ltr'>ts</span> <span class='ocrx_word' id='word_1_117' title='bbox 93 1908 231 1950; x_wconf 87' lang='lat' dir='ltr'>summo</span> <span class='ocrx_word' id='word_1_118' title='bbox 252 1907 461 1966; x_wconf 89' lang='lat' dir='ltr'>summaque</span> <span class='ocrx_word' id='word_1_119' title='bbox 482 1889 609 1966; x_wconf 88' lang='lat' dir='ltr'>inopia</span> <span class='ocrx_word' id='word_1_120' title='bbox 629 1907 737 1948; x_wconf 90' lang='lat' dir='ltr'>suave</span> <span class='ocrx_word' id='word_1_121' title='bbox 759 1890 856 1947; x_wconf 85' lang='lat' dir='ltr'>esse&#39;</span> <span class='ocrx_word' id='word_1_122' title='bbox 878 1888 950 1946; x_wconf 92' lang='lat' dir='ltr'>dicit</span> 
     </span>
    </p>
   </div>
   <div class='ocr_carea' id='block_1_5' title="bbox 176 2019 1143 2293">
    <p class='ocr_par' dir='ltr' id='par_1_9' title="bbox 176 2019 1143 2293">
     <span class='ocr_line' id='line_1_17' title="bbox 176 2019 1143 2096; baseline -0.002 -16"><span class='ocrx_word' id='word_1_123' title='bbox 176 2023 367 2080; x_wconf 76' lang='lat' dir='ltr'>Parentem</span> <span class='ocrx_word' id='word_1_124' title='bbox 394 2020 528 2080; x_wconf 91' lang='lat' dir='ltr'>habere</span> <span class='ocrx_word' id='word_1_125' title='bbox 556 2023 715 2092; x_wconf 66' lang='lat' dir='ltr'>avirum,</span> <span class='ocrx_word' id='word_1_126' title='bbox 743 2019 963 2096; x_wconf 90' lang='lat' dir='ltr'>inlepidum,</span> <span class='ocrx_word' id='word_1_127' title='bbox 988 2021 1025 2078; x_wconf 93' lang='lat' dir='ltr'>in</span> <span class='ocrx_word' id='word_1_128' title='bbox 1051 2019 1143 2080; x_wconf 91' lang='lat' dir='ltr'>llbe-</span> 
     </span>
     <span class='ocr_line' id='line_1_18' title="bbox 853 2135 912 2175; baseline 0 0"><span class='ocrx_word' id='word_1_129' title='bbox 853 2135 912 2175; x_wconf 92' lang='lat' dir='ltr'>ros</span> 
     </span>
     <span class='ocr_line' id='line_1_19' title="bbox 176 2185 1089 2293; baseline -0.004 -17"><span class='ocrx_word' id='word_1_130' title='bbox 176 2185 399 2287; x_wconf 84' lang='lat' dir='ltr'>Difficilem,</span> <span class='ocrx_word' id='word_1_131' title='bbox 421 2215 481 2293; x_wconf 93' lang='lat' dir='ltr'>qui</span> <span class='ocrx_word' id='word_1_132' title='bbox 503 2223 537 2273; x_wconf 92' lang='lat' dir='ltr'>te</span> <span class='ocrx_word' id='word_1_133' title='bbox 560 2217 628 2273; x_wconf 78' lang='lat' dir='ltr'>nec</span> <span class='ocrx_word' id='word_1_134' title='bbox 649 2222 744 2272; x_wconf 89' lang='lat' dir='ltr'>amet</span> <span class='ocrx_word' id='word_1_135' title='bbox 764 2230 832 2272; x_wconf 91' lang='lat' dir='ltr'>uec</span> <span class='ocrx_word' id='word_1_136' title='bbox 853 2213 1002 2273; x_wconf 75' lang='lat' dir='ltr'>studeat</span> <span class='ocrx_word' id='word_1_137' title='bbox 1022 2214 1089 2273; x_wconf 92' lang='lat' dir='ltr'>tui.</span> 
     </span>
    </p>
   </div>
   <div class='ocr_carea' id='block_1_6' title="bbox 93 2357 1182 2437">
    <p class='ocr_par' dir='ltr' id='par_1_10' title="bbox 93 2357 1182 2437">
     <span class='ocr_line' id='line_1_20' title="bbox 93 2357 1182 2437; baseline -0.008 -16"><span class='ocrx_word' id='word_1_138' title='bbox 93 2359 191 2437; x_wconf 80' lang='lat' dir='ltr'>Atque</span> <span class='ocrx_word' id='word_1_139' title='bbox 206 2360 274 2419; x_wconf 91' lang='lat' dir='ltr'>huic</span> <span class='ocrx_word' id='word_1_140' title='bbox 289 2359 451 2418; x_wconf 87' lang='lat' dir='ltr'>incredibili</span> <span class='ocrx_word' id='word_1_141' title='bbox 465 2358 627 2418; x_wconf 89' lang='lat' dir='ltr'>sententiae</span> <span class='ocrx_word' id='word_1_142' title='bbox 642 2357 816 2416; x_wconf 89' lang='lat' dir='ltr'>ratiunculas</span> <span class='ocrx_word' id='word_1_143' title='bbox 831 2357 976 2432; x_wconf 84' lang='lat' dir='ltr'>suggerit:</span> <span class='ocrx_word' id='word_1_144' title='bbox 1157 2379 1182 2423; x_wconf 64' lang='grc' dir='ltr'><strong><em>η</em></strong></span> 
     </span>
    </p>
   </div>
   <div class='ocr_carea' id='block_1_7' title="bbox 55 2505 1077 2872">
    <p class='ocr_par' dir='ltr' id='par_1_11' title="bbox 55 2505 1077 2872">
     <span class='ocr_line' id='line_1_21' title="bbox 55 2505 1029 2581; baseline -0.002 -17"><span class='ocrx_word' id='word_1_145' title='bbox 55 2536 81 2564; x_wconf 72' lang='grc' dir='ltr'><strong><em>ω</em></strong></span> <span class='ocrx_word' id='word_1_146' title='bbox 175 2510 244 2566; x_wconf 91' lang='lat' dir='ltr'>Aut</span> <span class='ocrx_word' id='word_1_147' title='bbox 264 2516 302 2566; x_wconf 91' lang='lat' dir='ltr'>tu</span> <span class='ocrx_word' id='word_1_148' title='bbox 323 2506 424 2565; x_wconf 89' lang='lat' dir='ltr'>illum</span> <span class='ocrx_word' id='word_1_149' title='bbox 444 2507 567 2564; x_wconf 79' lang='lat' dir='ltr'>fructu</span> <span class='ocrx_word' id='word_1_150' title='bbox 588 2506 695 2564; x_wconf 75' lang='lat' dir='ltr'>fallas</span> <span class='ocrx_word' id='word_1_151' title='bbox 717 2513 777 2563; x_wconf 87' lang='lat' dir='ltr'>aut</span> <span class='ocrx_word' id='word_1_152' title='bbox 797 2522 861 2581; x_wconf 89' lang='lat' dir='ltr'>per</span> <span class='ocrx_word' id='word_1_153' title='bbox 881 2505 1029 2563; x_wconf 88' lang='lat' dir='ltr'>lltteras</span> 
     </span>
     <span class='ocr_line' id='line_1_22' title="bbox 175 2600 1021 2679; baseline -0.004 -17"><span class='ocrx_word' id='word_1_154' title='bbox 175 2605 327 2662; x_wconf 75' lang='lat' dir='ltr'>Avertas</span> <span class='ocrx_word' id='word_1_155' title='bbox 348 2602 498 2679; x_wconf 90' lang='lat' dir='ltr'>aliquod</span> <span class='ocrx_word' id='word_1_156' title='bbox 520 2606 651 2661; x_wconf 82' lang='lat' dir='ltr'>nomen</span> <span class='ocrx_word' id='word_1_157' title='bbox 672 2611 733 2659; x_wconf 90' lang='lat' dir='ltr'>aut</span> <span class='ocrx_word' id='word_1_158' title='bbox 753 2619 817 2677; x_wconf 89' lang='lat' dir='ltr'>per</span> <span class='ocrx_word' id='word_1_159' title='bbox 838 2600 1021 2659; x_wconf 75' lang='lat' dir='ltr'>servolum</span> 
     </span>
     <span class='ocr_line' id='line_1_23' title="bbox 176 2699 1077 2775; baseline -0.004 -16"><span class='ocrx_word' id='word_1_160' title='bbox 176 2700 365 2760; x_wconf 78' lang='lat' dir='ltr'>Percutias</span> <span class='ocrx_word' id='word_1_161' title='bbox 386 2699 571 2775; x_wconf 89' lang='lat' dir='ltr'>pavidum,</span> <span class='ocrx_word' id='word_1_162' title='bbox 595 2702 781 2774; x_wconf 84' lang='lat' dir='ltr'>postremo</span> <span class='ocrx_word' id='word_1_163' title='bbox 803 2715 821 2755; x_wconf 91' lang='lat' dir='ltr'>a</span> <span class='ocrx_word' id='word_1_164' title='bbox 841 2701 952 2773; x_wconf 83' lang='lat' dir='ltr'>parco</span> <span class='ocrx_word' id='word_1_165' title='bbox 973 2706 1077 2773; x_wconf 89' lang='lat' dir='ltr'>patre</span> 
     </span>
     <span class='ocr_line' id='line_1_24' title="bbox 176 2794 996 2872; baseline -0.004 -16"><span class='ocrx_word' id='word_1_166' title='bbox 176 2796 282 2872; x_wconf 89' lang='lat' dir='ltr'>Quod</span> <span class='ocrx_word' id='word_1_167' title='bbox 303 2800 435 2868; x_wconf 81' lang='lat' dir='ltr'>sumas,</span> <span class='ocrx_word' id='word_1_168' title='bbox 457 2804 594 2872; x_wconf 91' lang='lat' dir='ltr'>quanto</span> <span class='ocrx_word' id='word_1_169' title='bbox 616 2795 777 2871; x_wconf 85' lang='lat' dir='ltr'>dissipes</span> <span class='ocrx_word' id='word_1_170' title='bbox 798 2794 996 2853; x_wconf 74' lang='lat' dir='ltr'>libentius!</span> 
     </span>
    </p>
   </div>
   <div class='ocr_carea' id='block_1_8' title="bbox 54 2940 1146 3120">
    <p class='ocr_par' dir='ltr' id='par_1_12' title="bbox 54 2940 1146 3120">
     <span class='ocr_line' id='line_1_25' title="bbox 94 2940 1146 3023; baseline -0.008 -15"><span class='ocrx_word' id='word_1_171' title='bbox 94 2948 239 3023; x_wconf 91' lang='lat' dir='ltr'>Idemque</span> <span class='ocrx_word' id='word_1_172' title='bbox 253 2948 369 3006; x_wconf 86' lang='lat' dir='ltr'>facilem</span> <span class='ocrx_word' id='word_1_173' title='bbox 384 2955 414 3004; x_wconf 90' lang='lat' dir='ltr'>et</span> <span class='ocrx_word' id='word_1_174' title='bbox 427 2945 576 3004; x_wconf 87' lang='lat' dir='ltr'>liberalem</span> <span class='ocrx_word' id='word_1_175' title='bbox 590 2953 703 3019; x_wconf 89' lang='lat' dir='ltr'>patrem</span> <span class='ocrx_word' id='word_1_176' title='bbox 716 2940 939 3000; x_wconf 89' lang='lat' dir='ltr'>incommodum</span> <span class='ocrx_word' id='word_1_177' title='bbox 954 2959 1018 2999; x_wconf 89' lang='lat' dir='ltr'>esse</span> <span class='ocrx_word' id='word_1_178' title='bbox 1036 2941 1146 3000; x_wconf 85' lang='lat' dir='ltr'>amanti</span> 
     </span>
     <span class='ocr_line' id='line_1_26' title="bbox 54 3042 305 3120; baseline -0.016 -15"><span class='ocrx_word' id='word_1_179' title='bbox 54 3064 80 3105; x_wconf 68' lang='grc' dir='ltr'>ιε</span> <span class='ocrx_word' id='word_1_180' title='bbox 92 3044 154 3103; x_wconf 91' lang='lat' dir='ltr'>filio</span> <span class='ocrx_word' id='word_1_181' title='bbox 168 3042 305 3120; x_wconf 88' lang='lat' dir='ltr'>disputat,</span> 
     </span>
    </p>
   </div>
   <div class='ocr_carea' id='block_1_9' title="bbox 177 3167 1145 3323">
    <p class='ocr_par' dir='ltr' id='par_1_13' title="bbox 177 3167 1145 3323">
     <span class='ocr_line' id='line_1_27' title="bbox 177 3167 1145 3250; baseline -0.005 -17"><span class='ocrx_word' id='word_1_182' title='bbox 177 3172 292 3248; x_wconf 88' lang='lat' dir='ltr'>Quem</span> <span class='ocrx_word' id='word_1_183' title='bbox 318 3175 436 3250; x_wconf 76' lang='lat' dir='ltr'>neque</span> <span class='ocrx_word' id='word_1_184' title='bbox 465 3190 536 3249; x_wconf 87' lang='lat' dir='ltr'>quo</span> <span class='ocrx_word' id='word_1_185' title='bbox 563 3180 674 3248; x_wconf 89' lang='lat' dir='ltr'>pacto</span> <span class='ocrx_word' id='word_1_186' title='bbox 702 3170 826 3229; x_wconf 77' lang='lat' dir='ltr'>fallam</span> <span class='ocrx_word' id='word_1_187' title='bbox 852 3186 920 3226; x_wconf 91' lang='lat' dir='ltr'>nec</span> <span class='ocrx_word' id='word_1_188' title='bbox 948 3167 1145 3245; x_wconf 88' lang='lat' dir='ltr'>quidinde</span> 
     </span>
     <span class='ocr_line' id='line_1_28' title="bbox 857 3265 1017 3323; baseline 0 0"><span class='ocrx_word' id='word_1_189' title='bbox 857 3265 1017 3323; x_wconf 80' lang='lat' dir='ltr'>auferam</span> 
     </span>
    </p>
   </div>
   <div class='ocr_carea' id='block_1_10' title="bbox 54 3363 1144 3824">
    <p class='ocr_par' dir='ltr' id='par_1_14' title="bbox 54 3363 1144 3824">
     <span class='ocr_line' id='line_1_29' title="bbox 176 3363 1144 3443; baseline -0.005 -18"><span class='ocrx_word' id='word_1_190' title='bbox 176 3366 253 3426; x_wconf 91' lang='lat' dir='ltr'>Nec</span> <span class='ocrx_word' id='word_1_191' title='bbox 280 3368 385 3443; x_wconf 75' lang='lat' dir='ltr'>quem</span> <span class='ocrx_word' id='word_1_192' title='bbox 412 3365 535 3425; x_wconf 90' lang='lat' dir='ltr'>dolum</span> <span class='ocrx_word' id='word_1_193' title='bbox 563 3364 607 3425; x_wconf 91' lang='lat' dir='ltr'>ad</span> <span class='ocrx_word' id='word_1_194' title='bbox 631 3383 711 3424; x_wconf 90' lang='lat' dir='ltr'>eum</span> <span class='ocrx_word' id='word_1_195' title='bbox 735 3372 796 3422; x_wconf 92' lang='lat' dir='ltr'>aut</span> <span class='ocrx_word' id='word_1_196' title='bbox 820 3363 1025 3422; x_wconf 76' lang='lat' dir='ltr'>machinam</span> <span class='ocrx_word' id='word_1_197' title='bbox 1048 3379 1144 3421; x_wconf 90' lang='lat' dir='ltr'>com·</span> 
     </span>
     <span class='ocr_line' id='line_1_30' title="bbox 855 3459 1000 3531; baseline -0.007 -13"><span class='ocrx_word' id='word_1_198' title='bbox 855 3459 1000 3531; x_wconf 82' lang='lat' dir='ltr'>mdliar,</span> 
     </span>
     <span class='ocr_line' id='line_1_31' title="bbox 54 3554 1144 3636; baseline -0.005 -17"><span class='ocrx_word' id='word_1_199' title='bbox 54 3587 81 3628; x_wconf 65' lang='lat' dir='ltr'>ao</span> <span class='ocrx_word' id='word_1_200' title='bbox 175 3558 259 3620; x_wconf 91' lang='lat' dir='ltr'>Scio</span> <span class='ocrx_word' id='word_1_201' title='bbox 286 3561 501 3636; x_wconf 89' lang='lat' dir='ltr'>quicquam;</span> <span class='ocrx_word' id='word_1_202' title='bbox 531 3558 583 3616; x_wconf 93' lang='lat' dir='ltr'>ita</span> <span class='ocrx_word' id='word_1_203' title='bbox 609 3575 734 3617; x_wconf 91' lang='lat' dir='ltr'>omnes</span> <span class='ocrx_word' id='word_1_204' title='bbox 762 3558 861 3615; x_wconf 76' lang='lat' dir='ltr'>meos</span> <span class='ocrx_word' id='word_1_205' title='bbox 890 3555 1011 3629; x_wconf 92' lang='lat' dir='ltr'>dolos,</span> <span class='ocrx_word' id='word_1_206' title='bbox 1039 3554 1144 3615; x_wconf 73' lang='lat' dir='ltr'>salla·</span> 
     </span>
     <span class='ocr_line' id='line_1_32' title="bbox 858 3664 933 3704; baseline 0 0"><span class='ocrx_word' id='word_1_207' title='bbox 858 3664 933 3704; x_wconf 88' lang='lat' dir='ltr'>cras</span> 
     </span>
     <span class='ocr_line' id='line_1_33' title="bbox 175 3691 1091 3824; baseline -0.004 -18"><span class='ocrx_word' id='word_1_208' title='bbox 175 3744 418 3824; x_wconf 84' lang='lat' dir='ltr'>Praestrlgias</span> <span class='ocrx_word' id='word_1_209' title='bbox 439 3745 680 3823; x_wconf 85' lang='lat' dir='ltr'>praestrinxit</span> <span class='ocrx_word' id='word_1_210' title='bbox 700 3691 948 3823; x_wconf 51' lang='lat' dir='ltr'>commoditas,</span> <span class='ocrx_word' id='word_1_211' title='bbox 966 3743 1091 3821; x_wconf 90' lang='lat' dir='ltr'>patris.</span> 
     </span>
    </p>
   </div>
   <div class='ocr_carea' id='block_1_11' title="bbox 0 0 1228 4102">
    <p class='ocr_par' dir='ltr' id='par_1_15' title="bbox 0 0 1228 4102">
     <span class='ocr_line' id='line_1_34' title="bbox 0 0 1228 4102; baseline 0 0"><span class='ocrx_word' id='word_1_212' title='bbox 0 0 1228 4102; x_wconf 95' lang='lat' dir='ltr'> </span> 
     </span>
    </p>
   </div>
  </div>
 </body>
</html>
