<?xml version="1.0" encoding="UTF-8"?>
<!DOCTYPE html PUBLIC "-//W3C//DTD XHTML 1.0 Transitional//EN"
    "http://www.w3.org/TR/xhtml1/DTD/xhtml1-transitional.dtd">
<html xmlns="http://www.w3.org/1999/xhtml" xml:lang="en" lang="en">
 <head>
  <title>
</title>
<meta http-equiv="Content-Type" content="text/html;charset=utf-8" />
  <meta name='ocr-system' content='tesseract 3.04.00' />
  <meta name='ocr-capabilities' content='ocr_page ocr_carea ocr_par ocr_line ocrx_word'/>
</head>
<body>
  <div class='ocr_page' id='page_1' title='image "./mtulliiciceroni00schgoog_0179.png"; bbox 0 0 2446 4102; ppageno 0'>
   <div class='ocr_carea' id='block_1_1' title="bbox 82 255 799 322">
    <p class='ocr_par' dir='ltr' id='par_1_1' title="bbox 82 255 799 322">
     <span class='ocr_line' id='line_1_1' title="bbox 82 255 799 322; baseline 0 -4"><span class='ocrx_word' id='word_1_1' title='bbox 82 255 143 319; x_wconf 91' lang='lat'>166</span> <span class='ocrx_word' id='word_1_2' title='bbox 334 265 336 268; x_wconf 72' lang='grc'>’</span> <span class='ocrx_word' id='word_1_3' title='bbox 404 267 454 319; x_wconf 77' lang='lat' dir='ltr'>na</span> <span class='ocrx_word' id='word_1_4' title='bbox 474 267 619 321; x_wconf 76' lang='lat' dir='ltr'>unwan</span> <span class='ocrx_word' id='word_1_5' title='bbox 641 268 799 322; x_wconf 72' lang='lat' dir='ltr'>pronun.</span> 
     </span>
    </p>
   </div>
   <div class='ocr_carea' id='block_1_2' title="bbox 194 421 1009 502">
    <p class='ocr_par' dir='ltr' id='par_1_2' title="bbox 194 421 1009 502">
     <span class='ocr_line' id='line_1_2' title="bbox 194 421 1009 502; baseline 0.006 -22"><span class='ocrx_word' id='word_1_6' title='bbox 194 424 326 481; x_wconf 81' lang='lat' dir='ltr'>Poenis</span> <span class='ocrx_word' id='word_1_7' title='bbox 348 421 494 480; x_wconf 89' lang='lat' dir='ltr'>luendis</span> <span class='ocrx_word' id='word_1_8' title='bbox 516 422 664 481; x_wconf 74' lang='lat' dir='ltr'>dabitur</span> <span class='ocrx_word' id='word_1_9' title='bbox 683 423 797 482; x_wconf 86' lang='lat' dir='ltr'>satias</span> <span class='ocrx_word' id='word_1_10' title='bbox 818 424 1009 502; x_wconf 81' lang='lat' dir='ltr'>sdpplici?</span> 
     </span>
    </p>
   </div>
   <div class='ocr_carea' id='block_1_3' title="bbox 30 584 1165 3783">
    <p class='ocr_par' dir='ltr' id='par_1_3' title="bbox 38 584 1165 1734">
     <span class='ocr_line' id='line_1_3' title="bbox 38 584 1131 665; baseline 0.009 -23"><span class='ocrx_word' id='word_1_11' title='bbox 38 600 62 642; x_wconf 83' lang='lat'>91</span> <span class='ocrx_word' id='word_1_12' title='bbox 75 589 181 648; x_wconf 83' lang='lat' dir='ltr'><strong>Utrum</strong></span> <span class='ocrx_word' id='word_1_13' title='bbox 210 587 315 662; x_wconf 72' lang='lat' dir='ltr'>poetae</span> <span class='ocrx_word' id='word_1_14' title='bbox 345 586 459 645; x_wconf 90' lang='lat' dir='ltr'>Stoicos</span> <span class='ocrx_word' id='word_1_15' title='bbox 482 584 675 662; x_wconf 86' lang='lat' dir='ltr'>depravarint,</span> <span class='ocrx_word' id='word_1_16' title='bbox 697 606 735 646; x_wconf 90' lang='lat' dir='ltr'>an</span> <span class='ocrx_word' id='word_1_17' title='bbox 762 588 852 648; x_wconf 86' lang='lat' dir='ltr'>Stoici</span> <span class='ocrx_word' id='word_1_18' title='bbox 878 590 974 665; x_wconf 71' lang='lat' dir='ltr'>poetis</span> <span class='ocrx_word' id='word_1_19' title='bbox 995 589 1131 653; x_wconf 88' lang='lat' dir='ltr'>dederint</span> 
     </span>
     <span class='ocr_line' id='line_1_4' title="bbox 76 683 1131 763; baseline 0.007 -22"><span class='ocrx_word' id='word_1_20' title='bbox 76 683 620 756; x_wconf 80' lang='lat' dir='ltr'>auctoritatem,nonfaciledixeri1n3</span> <span class='ocrx_word' id='word_1_21' title='bbox 642 695 778 759; x_wconf 86' lang='lat' dir='ltr'>portenta</span> <span class='ocrx_word' id='word_1_22' title='bbox 798 685 877 742; x_wconf 92' lang='lat' dir='ltr'>enim</span> <span class='ocrx_word' id='word_1_23' title='bbox 896 686 933 744; x_wconf 91' lang='lat' dir='ltr'>ab</span> <span class='ocrx_word' id='word_1_24' title='bbox 951 688 1079 763; x_wconf 90' lang='lat' dir='ltr'>utrisque</span> <span class='ocrx_word' id='word_1_25' title='bbox 1101 699 1131 748; x_wconf 89' lang='lat' dir='ltr'>et</span> 
     </span>
     <span class='ocr_line' id='line_1_5' title="bbox 75 781 1128 857; baseline 0.006 -19"><span class='ocrx_word' id='word_1_26' title='bbox 75 781 181 857; x_wconf 86' lang='lat' dir='ltr'>flagitia</span> <span class='ocrx_word' id='word_1_27' title='bbox 196 781 339 839; x_wconf 89' lang='lat' dir='ltr'>dicuutur.</span> <span class='ocrx_word' id='word_1_28' title='bbox 383 781 488 856; x_wconf 90' lang='lat' dir='ltr'><strong>Neque</strong></span> <span class='ocrx_word' id='word_1_29' title='bbox 508 781 596 851; x_wconf 88' lang='lat' dir='ltr'>enim,</span> <span class='ocrx_word' id='word_1_30' title='bbox 611 799 699 856; x_wconf 91' lang='lat' dir='ltr'>quern</span> <span class='ocrx_word' id='word_1_31' title='bbox 716 783 914 857; x_wconf 80' lang='lat' dir='ltr'><strong>Hipponactis</strong></span> <span class='ocrx_word' id='word_1_32' title='bbox 935 784 1049 843; x_wconf 89' lang='lat' dir='ltr'>iambus</span> <span class='ocrx_word' id='word_1_33' title='bbox 1071 786 1128 844; x_wconf 90' lang='lat' dir='ltr'>lae-</span> 
     </span>
     <span class='ocr_line' id='line_1_6' title="bbox 74 877 1159 952; baseline 0.006 -16"><span class='ocrx_word' id='word_1_34' title='bbox 74 889 159 948; x_wconf 86' lang='lat' dir='ltr'>serat,</span> <span class='ocrx_word' id='word_1_35' title='bbox 175 889 224 935; x_wconf 92' lang='lat' dir='ltr'>aut</span> <span class='ocrx_word' id='word_1_36' title='bbox 238 878 287 952; x_wconf 92' lang='lat' dir='ltr'>qui</span> <span class='ocrx_word' id='word_1_37' title='bbox 307 886 367 935; x_wconf 90' lang='lat' dir='ltr'>erat</span> <span class='ocrx_word' id='word_1_38' title='bbox 385 877 551 934; x_wconf 84' lang='lat' dir='ltr'>Archilochi</span> <span class='ocrx_word' id='word_1_39' title='bbox 569 895 653 934; x_wconf 87' lang='lat' dir='ltr'>versu</span> <span class='ocrx_word' id='word_1_40' title='bbox 670 878 843 950; x_wconf 86' lang='lat' dir='ltr'>volneratus,</span> <span class='ocrx_word' id='word_1_41' title='bbox 862 897 880 936; x_wconf 89' lang='lat' dir='ltr'>a</span> <span class='ocrx_word' id='word_1_42' title='bbox 897 878 956 937; x_wconf 92' lang='lat' dir='ltr'>deo</span> <span class='ocrx_word' id='word_1_43' title='bbox 976 880 1129 940; x_wconf 88' lang='lat' dir='ltr'>inmissum</span> <span class='ocrx_word' id='word_1_44' title='bbox 1148 905 1159 944; x_wconf 81' lang='lat' dir='ltr'>s</span> 
     </span>
     <span class='ocr_line' id='line_1_7' title="bbox 75 974 1129 1055; baseline 0.007 -23"><span class='ocrx_word' id='word_1_45' title='bbox 75 974 217 1045; x_wconf 89' lang='lat' dir='ltr'>dolorem,</span> <span class='ocrx_word' id='word_1_46' title='bbox 230 993 290 1032; x_wconf 94' lang='lat' dir='ltr'>non</span> <span class='ocrx_word' id='word_1_47' title='bbox 301 983 479 1049; x_wconf 92' lang='lat' dir='ltr'>conceptum</span> <span class='ocrx_word' id='word_1_48' title='bbox 494 992 511 1030; x_wconf 92' lang='lat' dir='ltr'>a</span> <span class='ocrx_word' id='word_1_49' title='bbox 525 992 555 1031; x_wconf 93' lang='lat' dir='ltr'>se</span> <span class='ocrx_word' id='word_1_50' title='bbox 570 975 635 1048; x_wconf 91' lang='lat' dir='ltr'>ipso</span> <span class='ocrx_word' id='word_1_51' title='bbox 650 975 828 1047; x_wconf 90' lang='lat' dir='ltr'>continebat,</span> <span class='ocrx_word' id='word_1_52' title='bbox 840 993 906 1047; x_wconf 90' lang='lat' dir='ltr'>nec,</span> <span class='ocrx_word' id='word_1_53' title='bbox 918 994 987 1035; x_wconf 92' lang='lat' dir='ltr'>eum</span> <span class='ocrx_word' id='word_1_54' title='bbox 998 979 1129 1055; x_wconf 88' lang='lat' dir='ltr'><strong>Aegisthi</strong></span> 
     </span>
     <span class='ocr_line' id='line_1_8' title="bbox 74 1070 1127 1149; baseline 0.004 -19"><span class='ocrx_word' id='word_1_55' title='bbox 74 1072 224 1130; x_wconf 89' lang='lat' dir='ltr'>libidinem</span> <span class='ocrx_word' id='word_1_56' title='bbox 246 1082 296 1129; x_wconf 90' lang='lat' dir='ltr'>aut</span> <span class='ocrx_word' id='word_1_57' title='bbox 317 1090 385 1128; x_wconf 91' lang='lat' dir='ltr'>cum</span> <span class='ocrx_word' id='word_1_58' title='bbox 408 1070 517 1128; x_wconf 88' lang='lat' dir='ltr'>Paridis</span> <span class='ocrx_word' id='word_1_59' title='bbox 534 1071 675 1141; x_wconf 88' lang='lat' dir='ltr'>videmus,</span> <span class='ocrx_word' id='word_1_60' title='bbox 695 1071 786 1130; x_wconf 90' lang='lat' dir='ltr'>adeo</span> <span class='ocrx_word' id='word_1_61' title='bbox 808 1090 926 1131; x_wconf 90' lang='lat' dir='ltr'>causam</span> <span class='ocrx_word' id='word_1_62' title='bbox 946 1076 1127 1149; x_wconf 84' lang='lat' dir='ltr'>requirimus,</span> 
     </span>
     <span class='ocr_line' id='line_1_9' title="bbox 75 1166 1127 1248; baseline 0.004 -21"><span class='ocrx_word' id='word_1_63' title='bbox 75 1187 143 1227; x_wconf 89' lang='lat' dir='ltr'>curn</span> <span class='ocrx_word' id='word_1_64' title='bbox 163 1170 266 1243; x_wconf 90' lang='lat' dir='ltr'>culpae</span> <span class='ocrx_word' id='word_1_65' title='bbox 284 1186 378 1243; x_wconf 91' lang='lat' dir='ltr'>paene</span> <span class='ocrx_word' id='word_1_66' title='bbox 392 1185 497 1224; x_wconf 91' lang='lat' dir='ltr'>vocem</span> <span class='ocrx_word' id='word_1_67' title='bbox 517 1166 677 1238; x_wconf 71' lang='lat' dir='ltr'>audiamus</span> <span class='ocrx_word' id='word_1_68' title='bbox 693 1187 749 1226; x_wconf 92' lang='lat' dir='ltr'>nec</span> <span class='ocrx_word' id='word_1_69' title='bbox 771 1187 827 1244; x_wconf 85' lang='lat' dir='ltr'>ego</span> <span class='ocrx_word' id='word_1_70' title='bbox 848 1170 1005 1228; x_wconf 92' lang='lat' dir='ltr'>multorum</span> <span class='ocrx_word' id='word_1_71' title='bbox 1027 1190 1127 1248; x_wconf 89' lang='lat' dir='ltr'>aegro-</span> 
     </span>
     <span class='ocr_line' id='line_1_10' title="bbox 74 1265 1128 1345; baseline 0.004 -22"><span class='ocrx_word' id='word_1_72' title='bbox 74 1285 138 1324; x_wconf 90' lang='lat' dir='ltr'>rum</span> <span class='ocrx_word' id='word_1_73' title='bbox 163 1266 285 1323; x_wconf 90' lang='lat' dir='ltr'>salutem</span> <span class='ocrx_word' id='word_1_74' title='bbox 310 1282 370 1322; x_wconf 93' lang='lat' dir='ltr'>non</span> <span class='ocrx_word' id='word_1_75' title='bbox 395 1265 432 1322; x_wconf 93' lang='lat' dir='ltr'>ab</span> <span class='ocrx_word' id='word_1_76' title='bbox 455 1265 638 1339; x_wconf 86' lang='lat' dir='ltr'>Hippocrate</span> <span class='ocrx_word' id='word_1_77' title='bbox 663 1265 869 1340; x_wconf 87' lang='lat' dir='ltr'>potiusquam</span> <span class='ocrx_word' id='word_1_78' title='bbox 893 1267 930 1325; x_wconf 91' lang='lat' dir='ltr'>ab</span> <span class='ocrx_word' id='word_1_79' title='bbox 951 1269 1128 1345; x_wconf 87' lang='lat' dir='ltr'>Aesculapio</span> 
     </span>
     <span class='ocr_line' id='line_1_11' title="bbox 75 1361 1165 1437; baseline 0 -17"><span class='ocrx_word' id='word_1_80' title='bbox 75 1362 174 1421; x_wconf 89' lang='lat' dir='ltr'>datam</span> <span class='ocrx_word' id='word_1_81' title='bbox 196 1361 304 1431; x_wconf 91' lang='lat' dir='ltr'>iudico,</span> <span class='ocrx_word' id='word_1_82' title='bbox 327 1380 383 1419; x_wconf 93' lang='lat' dir='ltr'>nec</span> <span class='ocrx_word' id='word_1_83' title='bbox 407 1361 709 1419; x_wconf 86' lang='lat' dir='ltr'>Lacedaemoniorum</span> <span class='ocrx_word' id='word_1_84' title='bbox 731 1361 914 1437; x_wconf 88' lang='lat' dir='ltr'>disciplinam</span> <span class='ocrx_word' id='word_1_85' title='bbox 937 1363 1035 1423; x_wconf 90' lang='lat' dir='ltr'>dicam</span> <span class='ocrx_word' id='word_1_86' title='bbox 1063 1385 1165 1425; x_wconf 80' lang='lat' dir='ltr'>um·10</span> 
     </span>
     <span class='ocr_line' id='line_1_12' title="bbox 74 1458 1127 1535; baseline 0.005 -18"><span class='ocrx_word' id='word_1_87' title='bbox 74 1477 163 1535; x_wconf 91' lang='lat' dir='ltr'>quam</span> <span class='ocrx_word' id='word_1_88' title='bbox 178 1458 214 1517; x_wconf 91' lang='lat' dir='ltr'>ab</span> <span class='ocrx_word' id='word_1_89' title='bbox 229 1459 363 1533; x_wconf 85' lang='lat' dir='ltr'>Apolline</span> <span class='ocrx_word' id='word_1_90' title='bbox 379 1459 475 1532; x_wconf 87' lang='lat' dir='ltr'>potius</span> <span class='ocrx_word' id='word_1_91' title='bbox 491 1459 610 1532; x_wconf 83' lang='lat' dir='ltr'>Spartae</span> <span class='ocrx_word' id='word_1_92' title='bbox 627 1477 713 1533; x_wconf 92' lang='lat' dir='ltr'>quam</span> <span class='ocrx_word' id='word_1_93' title='bbox 729 1477 746 1514; x_wconf 91' lang='lat' dir='ltr'>a</span> <span class='ocrx_word' id='word_1_94' title='bbox 761 1459 894 1534; x_wconf 87' lang='lat' dir='ltr'>Lycurgo</span> <span class='ocrx_word' id='word_1_95' title='bbox 909 1459 1020 1519; x_wconf 89' lang='lat' dir='ltr'>datam.</span> <span class='ocrx_word' id='word_1_96' title='bbox 1065 1463 1127 1523; x_wconf 91' lang='lat' dir='ltr'>Cri·</span> 
     </span>
     <span class='ocr_line' id='line_1_13' title="bbox 74 1555 1128 1631; baseline 0.006 -17"><span class='ocrx_word' id='word_1_97' title='bbox 74 1557 176 1626; x_wconf 89' lang='lat' dir='ltr'>tolaus,</span> <span class='ocrx_word' id='word_1_98' title='bbox 189 1557 316 1631; x_wconf 90' lang='lat' dir='ltr'>inquam,</span> <span class='ocrx_word' id='word_1_99' title='bbox 329 1555 431 1612; x_wconf 87' lang='lat' dir='ltr'>evertit</span> <span class='ocrx_word' id='word_1_100' title='bbox 443 1555 624 1624; x_wconf 84' lang='lat' dir='ltr'>Corinthum,</span> <span class='ocrx_word' id='word_1_101' title='bbox 640 1555 848 1630; x_wconf 86' lang='lat' dir='ltr'>Karthaginem</span> <span class='ocrx_word' id='word_1_102' title='bbox 866 1557 1042 1617; x_wconf 87' lang='lat' dir='ltr'>Hasdrubal.</span> <span class='ocrx_word' id='word_1_103' title='bbox 1086 1561 1128 1620; x_wconf 91' lang='lat' dir='ltr'>Hi</span> 
     </span>
     <span class='ocr_line' id='line_1_14' title="bbox 75 1651 1126 1734; baseline 0.005 -23"><span class='ocrx_word' id='word_1_104' title='bbox 75 1653 135 1711; x_wconf 89' lang='lat' dir='ltr'>duo</span> <span class='ocrx_word' id='word_1_105' title='bbox 157 1654 219 1711; x_wconf 92' lang='lat' dir='ltr'>illos</span> <span class='ocrx_word' id='word_1_106' title='bbox 241 1652 341 1710; x_wconf 89' lang='lat' dir='ltr'>oculos</span> <span class='ocrx_word' id='word_1_107' title='bbox 363 1669 431 1709; x_wconf 91' lang='lat' dir='ltr'>orae</span> <span class='ocrx_word' id='word_1_108' title='bbox 454 1652 624 1708; x_wconf 86' lang='lat' dir='ltr'>maritumae</span> <span class='ocrx_word' id='word_1_109' title='bbox 646 1651 818 1722; x_wconf 85' lang='lat' dir='ltr'>effoderunt,</span> <span class='ocrx_word' id='word_1_110' title='bbox 840 1672 900 1712; x_wconf 94' lang='lat' dir='ltr'>non</span> <span class='ocrx_word' id='word_1_111' title='bbox 921 1655 1008 1714; x_wconf 88' lang='lat' dir='ltr'>iratus</span> <span class='ocrx_word' id='word_1_112' title='bbox 1030 1656 1126 1734; x_wconf 87' lang='lat' dir='ltr'>aliqui,</span> 
     </span>
    </p>

    <p class='ocr_par' dir='ltr' id='par_1_4' title="bbox 37 1748 1127 1826">
     <span class='ocr_line' id='line_1_15' title="bbox 37 1748 1127 1826; baseline 0.003 -16"><span class='ocrx_word' id='word_1_113' title='bbox 37 1770 61 1812; x_wconf 81' lang='lat' dir='ltr'>n</span> <span class='ocrx_word' id='word_1_114' title='bbox 74 1768 162 1826; x_wconf 90' lang='lat' dir='ltr'>quern</span> <span class='ocrx_word' id='word_1_115' title='bbox 188 1751 309 1808; x_wconf 92' lang='lat' dir='ltr'>omnino</span> <span class='ocrx_word' id='word_1_116' title='bbox 330 1749 414 1806; x_wconf 91' lang='lat' dir='ltr'>irasci</span> <span class='ocrx_word' id='word_1_117' title='bbox 435 1766 522 1823; x_wconf 92' lang='lat' dir='ltr'>posse</span> <span class='ocrx_word' id='word_1_118' title='bbox 544 1750 664 1823; x_wconf 85' lang='lat' dir='ltr'>negatis,</span> <span class='ocrx_word' id='word_1_119' title='bbox 683 1748 765 1806; x_wconf 89' lang='lat' dir='ltr'>deus.</span> <span class='ocrx_word' id='word_1_120' title='bbox 807 1752 846 1808; x_wconf 92' lang='lat' dir='ltr'>At</span> <span class='ocrx_word' id='word_1_121' title='bbox 870 1750 1022 1811; x_wconf 92' lang='lat' dir='ltr'>subvenire</span> <span class='ocrx_word' id='word_1_122' title='bbox 1049 1765 1127 1813; x_wconf 87' lang='lat' dir='ltr'>certe</span> 
     </span>
    </p>

    <p class='ocr_par' dir='ltr' id='par_1_5' title="bbox 30 1845 1164 3001">
     <span class='ocr_line' id='line_1_16' title="bbox 30 1845 1163 1929; baseline 0.001 -22"><span class='ocrx_word' id='word_1_123' title='bbox 30 1848 170 1923; x_wconf 75' lang='lat' dir='ltr'>titlpotuit</span> <span class='ocrx_word' id='word_1_124' title='bbox 199 1858 227 1904; x_wconf 93' lang='lat' dir='ltr'>et</span> <span class='ocrx_word' id='word_1_125' title='bbox 256 1863 426 1904; x_wconf 89' lang='lat' dir='ltr'>conservare</span> <span class='ocrx_word' id='word_1_126' title='bbox 451 1845 528 1904; x_wconf 93' lang='lat' dir='ltr'>urbis</span> <span class='ocrx_word' id='word_1_127' title='bbox 554 1855 646 1902; x_wconf 86' lang='lat' dir='ltr'>tantas</span> <span class='ocrx_word' id='word_1_128' title='bbox 672 1855 760 1921; x_wconf 89' lang='lat' dir='ltr'>atque</span> <span class='ocrx_word' id='word_1_129' title='bbox 784 1848 867 1919; x_wconf 89' lang='lat' dir='ltr'>talis;</span> <span class='ocrx_word' id='word_1_130' title='bbox 890 1867 942 1907; x_wconf 89' lang='lat' dir='ltr'>vos</span> <span class='ocrx_word' id='word_1_131' title='bbox 968 1851 1048 1908; x_wconf 91' lang='lat' dir='ltr'>enim</span> <span class='ocrx_word' id='word_1_132' title='bbox 1072 1852 1127 1929; x_wconf 89' lang='lat' dir='ltr'>ipsi</span> <span class='ocrx_word' id='word_1_133' title='bbox 1141 1879 1163 1919; x_wconf 75' lang='grc' dir='ltr'>ις</span> 
     </span>
     <span class='ocr_line' id='line_1_17' title="bbox 74 1941 1126 2026; baseline 0.004 -23"><span class='ocrx_word' id='word_1_134' title='bbox 74 1944 172 2003; x_wconf 89' lang='lat' dir='ltr'>dicere</span> <span class='ocrx_word' id='word_1_135' title='bbox 194 1945 292 2002; x_wconf 90' lang='lat' dir='ltr'>soletis</span> <span class='ocrx_word' id='word_1_136' title='bbox 314 1943 385 2000; x_wconf 93' lang='lat' dir='ltr'>nihil</span> <span class='ocrx_word' id='word_1_137' title='bbox 406 1961 480 2013; x_wconf 90' lang='lat' dir='ltr'>esse,</span> <span class='ocrx_word' id='word_1_138' title='bbox 495 1941 575 2017; x_wconf 91' lang='lat' dir='ltr'>quod</span> <span class='ocrx_word' id='word_1_139' title='bbox 591 1941 663 2001; x_wconf 88' lang='lat' dir='ltr'>deus</span> <span class='ocrx_word' id='word_1_140' title='bbox 683 1942 800 2001; x_wconf 86' lang='lat' dir='ltr'>efficere</span> <span class='ocrx_word' id='word_1_141' title='bbox 820 1963 881 2003; x_wconf 94' lang='lat' dir='ltr'>non</span> <span class='ocrx_word' id='word_1_142' title='bbox 901 1947 1002 2021; x_wconf 87' lang='lat' dir='ltr'>possit,</span> <span class='ocrx_word' id='word_1_143' title='bbox 1019 1958 1049 2006; x_wconf 93' lang='lat' dir='ltr'>et</span> <span class='ocrx_word' id='word_1_144' title='bbox 1063 1950 1126 2026; x_wconf 89' lang='lat' dir='ltr'>qui·</span> 
     </span>
     <span class='ocr_line' id='line_1_18' title="bbox 74 2039 1126 2112; baseline 0.007 -13"><span class='ocrx_word' id='word_1_145' title='bbox 74 2041 144 2099; x_wconf 92' lang='lat' dir='ltr'>dem</span> <span class='ocrx_word' id='word_1_146' title='bbox 160 2042 221 2100; x_wconf 91' lang='lat' dir='ltr'>sine</span> <span class='ocrx_word' id='word_1_147' title='bbox 236 2041 335 2098; x_wconf 89' lang='lat' dir='ltr'>labore</span> <span class='ocrx_word' id='word_1_148' title='bbox 349 2040 428 2112; x_wconf 74' lang='lat' dir='ltr'>ullo,</span> <span class='ocrx_word' id='word_1_149' title='bbox 451 2049 482 2097; x_wconf 90' lang='lat' dir='ltr'>ut</span> <span class='ocrx_word' id='word_1_150' title='bbox 499 2039 578 2097; x_wconf 92' lang='lat' dir='ltr'>enim</span> <span class='ocrx_word' id='word_1_151' title='bbox 596 2040 748 2098; x_wconf 91' lang='lat' dir='ltr'>hominum</span> <span class='ocrx_word' id='word_1_152' title='bbox 764 2041 895 2100; x_wconf 87' lang='lat' dir='ltr'>membra</span> <span class='ocrx_word' id='word_1_153' title='bbox 909 2044 988 2102; x_wconf 86' lang='lat' dir='ltr'>nulla</span> <span class='ocrx_word' id='word_1_154' title='bbox 1003 2058 1126 2107; x_wconf 89' lang='lat' dir='ltr'>conten-</span> 
     </span>
     <span class='ocr_line' id='line_1_19' title="bbox 73 2137 1127 2212; baseline 0.008 -15"><span class='ocrx_word' id='word_1_155' title='bbox 73 2140 154 2198; x_wconf 88' lang='lat' dir='ltr'>tione</span> <span class='ocrx_word' id='word_1_156' title='bbox 176 2148 274 2196; x_wconf 89' lang='lat' dir='ltr'>mente</span> <span class='ocrx_word' id='word_1_157' title='bbox 296 2138 359 2212; x_wconf 91' lang='lat' dir='ltr'>ipsa</span> <span class='ocrx_word' id='word_1_158' title='bbox 378 2156 413 2194; x_wconf 88' lang='lat' dir='ltr'>ac</span> <span class='ocrx_word' id='word_1_159' title='bbox 431 2137 579 2194; x_wconf 90' lang='lat' dir='ltr'>voluntate</span> <span class='ocrx_word' id='word_1_160' title='bbox 601 2148 780 2208; x_wconf 89' lang='lat' dir='ltr'>moveantur,</span> <span class='ocrx_word' id='word_1_161' title='bbox 798 2139 840 2196; x_wconf 89' lang='lat' dir='ltr'>sic</span> <span class='ocrx_word' id='word_1_162' title='bbox 861 2140 981 2199; x_wconf 91' lang='lat' dir='ltr'>numine</span> <span class='ocrx_word' id='word_1_163' title='bbox 1003 2143 1127 2205; x_wconf 87' lang='lat' dir='ltr'>deorum</span> 
     </span>
     <span class='ocr_line' id='line_1_20' title="bbox 73 2234 1126 2317; baseline 0.007 -23"><span class='ocrx_word' id='word_1_164' title='bbox 73 2237 173 2295; x_wconf 88' lang='lat' dir='ltr'>omnia</span> <span class='ocrx_word' id='word_1_165' title='bbox 193 2236 272 2311; x_wconf 86' lang='lat' dir='ltr'>fingi,</span> <span class='ocrx_word' id='word_1_166' title='bbox 288 2235 397 2293; x_wconf 83' lang='lat' dir='ltr'>moveri</span> <span class='ocrx_word' id='word_1_167' title='bbox 419 2234 581 2309; x_wconf 90' lang='lat' dir='ltr'>mutarique</span> <span class='ocrx_word' id='word_1_168' title='bbox 603 2252 699 2309; x_wconf 92' lang='lat' dir='ltr'>posse.</span> <span class='ocrx_word' id='word_1_169' title='bbox 742 2235 848 2310; x_wconf 86' lang='lat' dir='ltr'>Neque</span> <span class='ocrx_word' id='word_1_170' title='bbox 863 2236 893 2294; x_wconf 95' lang='lat' dir='ltr'>id</span> <span class='ocrx_word' id='word_1_171' title='bbox 909 2237 1004 2298; x_wconf 90' lang='lat' dir='ltr'>dicitis</span> <span class='ocrx_word' id='word_1_172' title='bbox 1027 2259 1126 2317; x_wconf 91' lang='lat' dir='ltr'>super·</span> 
     </span>
     <span class='ocr_line' id='line_1_21' title="bbox 73 2330 1164 2410; baseline 0.009 -18"><span class='ocrx_word' id='word_1_173' title='bbox 73 2333 182 2393; x_wconf 87' lang='lat' dir='ltr'>stitiose</span> <span class='ocrx_word' id='word_1_174' title='bbox 200 2345 288 2408; x_wconf 90' lang='lat' dir='ltr'>atque</span> <span class='ocrx_word' id='word_1_175' title='bbox 306 2332 425 2402; x_wconf 92' lang='lat' dir='ltr'>aniliter,</span> <span class='ocrx_word' id='word_1_176' title='bbox 441 2330 494 2389; x_wconf 90' lang='lat' dir='ltr'>sed</span> <span class='ocrx_word' id='word_1_177' title='bbox 515 2331 635 2406; x_wconf 90' lang='lat' dir='ltr'>physica</span> <span class='ocrx_word' id='word_1_178' title='bbox 657 2333 859 2408; x_wconf 89' lang='lat' dir='ltr'>constantique</span> <span class='ocrx_word' id='word_1_179' title='bbox 881 2335 1012 2410; x_wconf 88' lang='lat' dir='ltr'>ratione;</span> <span class='ocrx_word' id='word_1_180' title='bbox 1035 2352 1126 2400; x_wconf 89' lang='lat' dir='ltr'>mate·</span> <span class='ocrx_word' id='word_1_181' title='bbox 1139 2370 1164 2400; x_wconf 73' lang='lat' dir='ltr'>oo</span> 
     </span>
     <span class='ocr_line' id='line_1_22' title="bbox 72 2429 1127 2504; baseline 0.009 -15"><span class='ocrx_word' id='word_1_182' title='bbox 72 2431 144 2489; x_wconf 90' lang='lat' dir='ltr'>riam</span> <span class='ocrx_word' id='word_1_183' title='bbox 169 2431 247 2488; x_wconf 92' lang='lat' dir='ltr'>enim</span> <span class='ocrx_word' id='word_1_184' title='bbox 272 2448 376 2500; x_wconf 93' lang='lat' dir='ltr'>rerum,</span> <span class='ocrx_word' id='word_1_185' title='bbox 399 2446 435 2485; x_wconf 86' lang='lat' dir='ltr'>ex</span> <span class='ocrx_word' id='word_1_186' title='bbox 459 2447 517 2503; x_wconf 92' lang='lat' dir='ltr'>qua</span> <span class='ocrx_word' id='word_1_187' title='bbox 542 2439 570 2486; x_wconf 93' lang='lat' dir='ltr'>et</span> <span class='ocrx_word' id='word_1_188' title='bbox 595 2429 625 2486; x_wconf 94' lang='lat' dir='ltr'>in</span> <span class='ocrx_word' id='word_1_189' title='bbox 649 2447 707 2504; x_wconf 88' lang='lat' dir='ltr'>qua</span> <span class='ocrx_word' id='word_1_190' title='bbox 731 2431 830 2488; x_wconf 91' lang='lat' dir='ltr'>omnia</span> <span class='ocrx_word' id='word_1_191' title='bbox 854 2432 919 2503; x_wconf 90' lang='lat' dir='ltr'>sint,</span> <span class='ocrx_word' id='word_1_192' title='bbox 945 2443 1038 2494; x_wconf 93' lang='lat' dir='ltr'>totam</span> <span class='ocrx_word' id='word_1_193' title='bbox 1062 2457 1127 2499; x_wconf 89' lang='lat' dir='ltr'>esse</span> 
     </span>
     <span class='ocr_line' id='line_1_23' title="bbox 72 2525 1125 2610; baseline 0.009 -25"><span class='ocrx_word' id='word_1_194' title='bbox 72 2527 229 2585; x_wconf 88' lang='lat' dir='ltr'>flexibilem</span> <span class='ocrx_word' id='word_1_195' title='bbox 249 2537 279 2584; x_wconf 90' lang='lat' dir='ltr'>et</span> <span class='ocrx_word' id='word_1_196' title='bbox 298 2525 544 2596; x_wconf 90' lang='lat' dir='ltr'>commutabilem,</span> <span class='ocrx_word' id='word_1_197' title='bbox 560 2534 591 2582; x_wconf 89' lang='lat' dir='ltr'>ut</span> <span class='ocrx_word' id='word_1_198' title='bbox 606 2525 676 2583; x_wconf 91' lang='lat' dir='ltr'>nihil</span> <span class='ocrx_word' id='word_1_199' title='bbox 691 2526 735 2597; x_wconf 92' lang='lat' dir='ltr'>sit,</span> <span class='ocrx_word' id='word_1_200' title='bbox 751 2525 832 2601; x_wconf 92' lang='lat' dir='ltr'>quod</span> <span class='ocrx_word' id='word_1_201' title='bbox 847 2547 907 2587; x_wconf 95' lang='lat' dir='ltr'>non</span> <span class='ocrx_word' id='word_1_202' title='bbox 922 2548 958 2588; x_wconf 85' lang='lat' dir='ltr'>ex</span> <span class='ocrx_word' id='word_1_203' title='bbox 973 2550 1009 2591; x_wconf 90' lang='lat' dir='ltr'>ea</span> <span class='ocrx_word' id='word_1_204' title='bbox 1023 2552 1125 2610; x_wconf 89' lang='lat' dir='ltr'>quam-</span> 
     </span>
     <span class='ocr_line' id='line_1_24' title="bbox 71 2623 1126 2698; baseline 0.009 -15"><span class='ocrx_word' id='word_1_205' title='bbox 71 2626 115 2683; x_wconf 90' lang='lat' dir='ltr'>vis</span> <span class='ocrx_word' id='word_1_206' title='bbox 136 2625 232 2683; x_wconf 89' lang='lat' dir='ltr'>subito</span> <span class='ocrx_word' id='word_1_207' title='bbox 254 2623 323 2698; x_wconf 86' lang='lat' dir='ltr'>fingi</span> <span class='ocrx_word' id='word_1_208' title='bbox 345 2623 532 2697; x_wconf 88' lang='lat' dir='ltr'>convertique</span> <span class='ocrx_word' id='word_1_209' title='bbox 550 2623 660 2696; x_wconf 76' lang='lat' dir='ltr'>possit,</span> <span class='ocrx_word' id='word_1_210' title='bbox 683 2624 745 2681; x_wconf 88' lang='lat' dir='ltr'>eius</span> <span class='ocrx_word' id='word_1_211' title='bbox 759 2634 857 2683; x_wconf 87' lang='lat' dir='ltr'>autem</span> <span class='ocrx_word' id='word_1_212' title='bbox 873 2629 1023 2690; x_wconf 91' lang='lat' dir='ltr'>universae</span> <span class='ocrx_word' id='word_1_213' title='bbox 1039 2633 1126 2694; x_wconf 88' lang='lat' dir='ltr'>fictri-</span> 
     </span>
     <span class='ocr_line' id='line_1_25' title="bbox 73 2719 1126 2807; baseline 0.011 -27"><span class='ocrx_word' id='word_1_214' title='bbox 73 2740 139 2780; x_wconf 90' lang='lat' dir='ltr'>cem</span> <span class='ocrx_word' id='word_1_215' title='bbox 162 2731 191 2779; x_wconf 92' lang='lat' dir='ltr'>et</span> <span class='ocrx_word' id='word_1_216' title='bbox 211 2719 435 2778; x_wconf 85' lang='lat' dir='ltr'>moderatricem</span> <span class='ocrx_word' id='word_1_217' title='bbox 450 2719 578 2776; x_wconf 87' lang='lat' dir='ltr'>divinam</span> <span class='ocrx_word' id='word_1_218' title='bbox 599 2738 661 2777; x_wconf 86' lang='lat' dir='ltr'>esse</span> <span class='ocrx_word' id='word_1_219' title='bbox 681 2720 894 2795; x_wconf 87' lang='lat' dir='ltr'>providentiam</span> <span class='ocrx_word' id='word_1_220' title='bbox 905 2745 913 2798; x_wconf 82' lang='lat'>3</span> <span class='ocrx_word' id='word_1_221' title='bbox 936 2726 1013 2787; x_wconf 90' lang='lat' dir='ltr'>hauc</span> <span class='ocrx_word' id='word_1_222' title='bbox 1032 2730 1126 2807; x_wconf 84' lang='lat' dir='ltr'>igitur,</span> 
     </span>
     <span class='ocr_line' id='line_1_26' title="bbox 72 2815 1162 2905; baseline 0.008 -28"><span class='ocrx_word' id='word_1_223' title='bbox 72 2836 260 2895; x_wconf 88' lang='lat' dir='ltr'>quocumque</span> <span class='ocrx_word' id='word_1_224' title='bbox 282 2835 313 2875; x_wconf 91' lang='lat' dir='ltr'>se</span> <span class='ocrx_word' id='word_1_225' title='bbox 336 2826 460 2887; x_wconf 88' lang='lat' dir='ltr'>moveat,</span> <span class='ocrx_word' id='word_1_226' title='bbox 484 2815 598 2874; x_wconf 89' lang='lat' dir='ltr'>efficere</span> <span class='ocrx_word' id='word_1_227' title='bbox 624 2835 720 2892; x_wconf 91' lang='lat' dir='ltr'>posse,</span> <span class='ocrx_word' id='word_1_228' title='bbox 740 2819 881 2895; x_wconf 91' lang='lat' dir='ltr'>quicquid</span> <span class='ocrx_word' id='word_1_229' title='bbox 902 2824 978 2884; x_wconf 90' lang='lat' dir='ltr'>velit.</span> <span class='ocrx_word' id='word_1_230' title='bbox 1022 2829 1162 2905; x_wconf 58' lang='lat' dir='ltr'>Itaque„</span> 
     </span>
     <span class='ocr_line' id='line_1_27' title="bbox 72 2913 1127 3001; baseline 0.013 -27"><span class='ocrx_word' id='word_1_231' title='bbox 72 2926 122 2974; x_wconf 87' lang='lat' dir='ltr'>aut</span> <span class='ocrx_word' id='word_1_232' title='bbox 143 2916 245 2986; x_wconf 90' lang='lat' dir='ltr'>nescit,</span> <span class='ocrx_word' id='word_1_233' title='bbox 263 2913 334 2989; x_wconf 92' lang='lat' dir='ltr'>quid</span> <span class='ocrx_word' id='word_1_234' title='bbox 355 2913 456 2989; x_wconf 89' lang='lat' dir='ltr'>possit,</span> <span class='ocrx_word' id='word_1_235' title='bbox 474 2923 524 2970; x_wconf 87' lang='lat' dir='ltr'>aut</span> <span class='ocrx_word' id='word_1_236' title='bbox 543 2914 670 2989; x_wconf 84' lang='lat' dir='ltr'>neglegit</span> <span class='ocrx_word' id='word_1_237' title='bbox 691 2933 736 2986; x_wconf 86' lang='lat' dir='ltr'>res</span> <span class='ocrx_word' id='word_1_238' title='bbox 757 2915 898 2978; x_wconf 87' lang='lat' dir='ltr'>humanas</span> <span class='ocrx_word' id='word_1_239' title='bbox 920 2931 978 2996; x_wconf 89' lang='lat' dir='ltr'>aut,</span> <span class='ocrx_word' id='word_1_240' title='bbox 996 2925 1069 3001; x_wconf 91' lang='lat' dir='ltr'>quid</span> <span class='ocrx_word' id='word_1_241' title='bbox 1090 2928 1127 2989; x_wconf 90' lang='lat' dir='ltr'>sit</span> 
     </span>
    </p>

    <p class='ocr_par' dir='ltr' id='par_1_6' title="bbox 35 3010 1162 3783">
     <span class='ocr_line' id='line_1_28' title="bbox 35 3010 1124 3091; baseline 0.014 -21"><span class='ocrx_word' id='word_1_242' title='bbox 35 3036 59 3077; x_wconf 76' lang='lat'>93</span> <span class='ocrx_word' id='word_1_243' title='bbox 73 3014 226 3088; x_wconf 87' lang='lat' dir='ltr'>optimum,</span> <span class='ocrx_word' id='word_1_244' title='bbox 248 3029 308 3069; x_wconf 92' lang='lat' dir='ltr'>non</span> <span class='ocrx_word' id='word_1_245' title='bbox 329 3019 427 3086; x_wconf 85' lang='lat' dir='ltr'>potest</span> <span class='ocrx_word' id='word_1_246' title='bbox 448 3010 584 3068; x_wconf 89' lang='lat' dir='ltr'>iudicare.</span> <span class='ocrx_word' id='word_1_247' title='bbox 628 3011 699 3069; x_wconf 93' lang='lat' dir='ltr'>Non</span> <span class='ocrx_word' id='word_1_248' title='bbox 723 3023 805 3071; x_wconf 87' lang='lat' dir='ltr'>curat</span> <span class='ocrx_word' id='word_1_249' title='bbox 829 3015 956 3091; x_wconf 88' lang='lat' dir='ltr'>singulos</span> <span class='ocrx_word' id='word_1_250' title='bbox 981 3021 1124 3086; x_wconf 86' lang='lat' dir='ltr'>homines.</span> 
     </span>
     <span class='ocr_line' id='line_1_29' title="bbox 72 3107 1125 3183; baseline 0.012 -15"><span class='ocrx_word' id='word_1_251' title='bbox 72 3110 143 3168; x_wconf 94' lang='lat' dir='ltr'>Non</span> <span class='ocrx_word' id='word_1_252' title='bbox 172 3109 276 3166; x_wconf 91' lang='lat' dir='ltr'>mirum</span> <span class='ocrx_word' id='word_1_253' title='bbox 288 3128 296 3180; x_wconf 88' lang='lat'>;</span> <span class='ocrx_word' id='word_1_254' title='bbox 325 3125 362 3165; x_wconf 93' lang='lat' dir='ltr'>ne</span> <span class='ocrx_word' id='word_1_255' title='bbox 389 3108 518 3165; x_wconf 90' lang='lat' dir='ltr'>civitates</span> <span class='ocrx_word' id='word_1_256' title='bbox 547 3107 678 3183; x_wconf 90' lang='lat' dir='ltr'>quidem.</span> <span class='ocrx_word' id='word_1_257' title='bbox 731 3111 799 3168; x_wconf 93' lang='lat' dir='ltr'>Non</span> <span class='ocrx_word' id='word_1_258' title='bbox 824 3115 894 3172; x_wconf 88' lang='lat' dir='ltr'>eas?</span> <span class='ocrx_word' id='word_1_259' title='bbox 926 3134 964 3174; x_wconf 91' lang='lat' dir='ltr'>ne</span> <span class='ocrx_word' id='word_1_260' title='bbox 991 3121 1125 3181; x_wconf 87' lang='lat' dir='ltr'>nationes</span> 
     </span>
     <span class='ocr_line' id='line_1_30' title="bbox 71 3204 1124 3288; baseline 0.009 -25"><span class='ocrx_word' id='word_1_261' title='bbox 71 3205 192 3282; x_wconf 91' lang='lat' dir='ltr'>quidem</span> <span class='ocrx_word' id='word_1_262' title='bbox 210 3215 239 3264; x_wconf 92' lang='lat' dir='ltr'>et</span> <span class='ocrx_word' id='word_1_263' title='bbox 256 3215 367 3280; x_wconf 86' lang='lat' dir='ltr'>gentes.</span> <span class='ocrx_word' id='word_1_264' title='bbox 412 3204 527 3278; x_wconf 91' lang='lat' dir='ltr'>Quodsi</span> <span class='ocrx_word' id='word_1_265' title='bbox 548 3205 600 3263; x_wconf 88' lang='lat' dir='ltr'>has</span> <span class='ocrx_word' id='word_1_266' title='bbox 623 3207 710 3265; x_wconf 88' lang='lat' dir='ltr'>etiarn</span> <span class='ocrx_word' id='word_1_267' title='bbox 732 3219 911 3283; x_wconf 89' lang='lat' dir='ltr'>contemnet,</span> <span class='ocrx_word' id='word_1_268' title='bbox 927 3213 998 3288; x_wconf 91' lang='lat' dir='ltr'>quid</span> <span class='ocrx_word' id='word_1_269' title='bbox 1019 3218 1124 3279; x_wconf 84' lang='lat' dir='ltr'>mirum</span> 
     </span>
     <span class='ocr_line' id='line_1_31' title="bbox 71 3302 1162 3393; baseline 0.009 -32"><span class='ocrx_word' id='word_1_270' title='bbox 71 3312 116 3362; x_wconf 90' lang='lat' dir='ltr'>est</span> <span class='ocrx_word' id='word_1_271' title='bbox 137 3321 224 3361; x_wconf 92' lang='lat' dir='ltr'>omne</span> <span class='ocrx_word' id='word_1_272' title='bbox 247 3304 284 3360; x_wconf 91' lang='lat' dir='ltr'>ab</span> <span class='ocrx_word' id='word_1_273' title='bbox 301 3320 336 3359; x_wconf 91' lang='lat' dir='ltr'>ea</span> <span class='ocrx_word' id='word_1_274' title='bbox 357 3320 448 3378; x_wconf 86' lang='lat' dir='ltr'>genus</span> <span class='ocrx_word' id='word_1_275' title='bbox 470 3302 632 3361; x_wconf 90' lang='lat' dir='ltr'>humanum</span> <span class='ocrx_word' id='word_1_276' title='bbox 647 3323 710 3362; x_wconf 91' lang='lat' dir='ltr'>esse</span> <span class='ocrx_word' id='word_1_277' title='bbox 726 3312 951 3382; x_wconf 89' lang='lat' dir='ltr'>contemptum?</span> <span class='ocrx_word' id='word_1_278' title='bbox 991 3313 1051 3373; x_wconf 90' lang='lat' dir='ltr'>Sed</span> <span class='ocrx_word' id='word_1_279' title='bbox 1065 3334 1124 3393; x_wconf 89' lang='lat' dir='ltr'>quo</span> <span class='ocrx_word' id='word_1_280' title='bbox 1137 3343 1162 3382; x_wconf 75' lang='lat'>30</span> 
     </span>
     <span class='ocr_line' id='line_1_32' title="bbox 71 3399 1124 3478; baseline 0.012 -19"><span class='ocrx_word' id='word_1_281' title='bbox 71 3401 162 3459; x_wconf 90' lang='lat' dir='ltr'>modo</span> <span class='ocrx_word' id='word_1_282' title='bbox 180 3400 269 3458; x_wconf 89' lang='lat' dir='ltr'>iidem</span> <span class='ocrx_word' id='word_1_283' title='bbox 284 3399 379 3457; x_wconf 88' lang='lat' dir='ltr'>dicitis</span> <span class='ocrx_word' id='word_1_284' title='bbox 400 3418 461 3457; x_wconf 92' lang='lat' dir='ltr'>non</span> <span class='ocrx_word' id='word_1_285' title='bbox 483 3401 582 3457; x_wconf 88' lang='lat' dir='ltr'>omnia</span> <span class='ocrx_word' id='word_1_286' title='bbox 596 3399 668 3459; x_wconf 90' lang='lat' dir='ltr'>deos</span> <span class='ocrx_word' id='word_1_287' title='bbox 685 3403 830 3478; x_wconf 88' lang='lat' dir='ltr'>persequi,</span> <span class='ocrx_word' id='word_1_288' title='bbox 845 3404 935 3464; x_wconf 92' lang='lat' dir='ltr'>iidem</span> <span class='ocrx_word' id='word_1_289' title='bbox 949 3409 1033 3469; x_wconf 91' lang='lat' dir='ltr'>voltis</span> <span class='ocrx_word' id='word_1_290' title='bbox 1048 3413 1124 3474; x_wconf 90' lang='lat' dir='ltr'>adis</span> 
     </span>
     <span class='ocr_line' id='line_1_33' title="bbox 70 3496 1124 3572; baseline 0.013 -16"><span class='ocrx_word' id='word_1_291' title='bbox 70 3497 269 3556; x_wconf 87' lang='lat' dir='ltr'>inmortalibus</span> <span class='ocrx_word' id='word_1_292' title='bbox 298 3497 463 3555; x_wconf 92' lang='lat' dir='ltr'>hominibus</span> <span class='ocrx_word' id='word_1_293' title='bbox 485 3496 629 3572; x_wconf 88' lang='lat' dir='ltr'>dispertiri</span> <span class='ocrx_word' id='word_1_294' title='bbox 657 3516 692 3555; x_wconf 91' lang='lat' dir='ltr'>ac</span> <span class='ocrx_word' id='word_1_295' title='bbox 714 3497 804 3558; x_wconf 91' lang='lat' dir='ltr'>dividi</span> <span class='ocrx_word' id='word_1_296' title='bbox 832 3504 966 3563; x_wconf 85' lang='lat' dir='ltr'>somnia?</span> <span class='ocrx_word' id='word_1_297' title='bbox 1006 3507 1124 3570; x_wconf 90' lang='lat' dir='ltr'>Idcirco</span> 
     </span>
     <span class='ocr_line' id='line_1_34' title="bbox 70 3593 1123 3669; baseline 0.015 -17"><span class='ocrx_word' id='word_1_298' title='bbox 70 3593 144 3653; x_wconf 89' lang='lat' dir='ltr'>haec</span> <span class='ocrx_word' id='word_1_299' title='bbox 166 3605 273 3666; x_wconf 89' lang='lat' dir='ltr'>tecum,</span> <span class='ocrx_word' id='word_1_300' title='bbox 296 3594 364 3669; x_wconf 91' lang='lat' dir='ltr'>quia</span> <span class='ocrx_word' id='word_1_301' title='bbox 385 3604 479 3651; x_wconf 91' lang='lat' dir='ltr'>vestra</span> <span class='ocrx_word' id='word_1_302' title='bbox 503 3603 547 3652; x_wconf 91' lang='lat' dir='ltr'>est</span> <span class='ocrx_word' id='word_1_303' title='bbox 567 3593 604 3652; x_wconf 94' lang='lat' dir='ltr'>de</span> <span class='ocrx_word' id='word_1_304' title='bbox 626 3596 804 3654; x_wconf 90' lang='lat' dir='ltr'>somniorum</span> <span class='ocrx_word' id='word_1_305' title='bbox 826 3599 945 3659; x_wconf 89' lang='lat' dir='ltr'>veritate</span> <span class='ocrx_word' id='word_1_306' title='bbox 970 3609 1123 3668; x_wconf 86' lang='lat' dir='ltr'>sententia.</span> 
     </span>
     <span class='ocr_line' id='line_1_35' title="bbox 64 3690 1124 3783; baseline 0.01 -33"><span class='ocrx_word' id='word_1_307' title='bbox 64 3693 166 3768; x_wconf 82' lang='lat' dir='ltr'>Atque</span> <span class='ocrx_word' id='word_1_308' title='bbox 178 3691 270 3750; x_wconf 87' lang='lat' dir='ltr'>iidem</span> <span class='ocrx_word' id='word_1_309' title='bbox 287 3692 374 3752; x_wconf 85' lang='lat' dir='ltr'>etiarn</span> <span class='ocrx_word' id='word_1_310' title='bbox 389 3699 458 3750; x_wconf 88' lang='lat' dir='ltr'>vota</span> <span class='ocrx_word' id='word_1_311' title='bbox 471 3690 579 3767; x_wconf 91' lang='lat' dir='ltr'>suscipi</span> <span class='ocrx_word' id='word_1_312' title='bbox 591 3690 686 3750; x_wconf 89' lang='lat' dir='ltr'>dicitis</span> <span class='ocrx_word' id='word_1_313' title='bbox 701 3702 844 3768; x_wconf 80' lang='lat' dir='ltr'>oportere.</span> <span class='ocrx_word' id='word_1_314' title='bbox 888 3696 1005 3777; x_wconf 90' lang='lat' dir='ltr'>Nempe</span> <span class='ocrx_word' id='word_1_315' title='bbox 1020 3702 1124 3783; x_wconf 79' lang='lat' dir='ltr'>singuli</span> 
     </span>
    </p>
   </div>
   <div class='ocr_carea' id='block_1_4' title="bbox 0 0 1228 4102">
    <p class='ocr_par' dir='ltr' id='par_1_7' title="bbox 0 0 1228 4102">
     <span class='ocr_line' id='line_1_36' title="bbox 0 0 1228 4102; baseline 0 2"><span class='ocrx_word' id='word_1_316' title='bbox 0 0 1228 4102; x_wconf 95' lang='lat' dir='ltr'> </span> 
     </span>
    </p>
   </div>
  </div>
 </body>
</html>
