2446 4102
87 288 147 351 128
410 297 460 347 DE
481 296 628 348 NATURA
649 296 809 349 DEORUM.

83 458 188 531 partim
203 454 241 512 ad
255 452 482 525 aedificandum,
494 462 526 510 ut
540 452 625 511 tectis
639 453 731 528 saepti
746 453 850 528 frigora
864 456 1035 532 caloresque
1049 457 1133 533 pella-

41 566 157 610 ratmus.
202 554 327 627 Magnos
348 569 418 608 vero
439 569 507 608 usus
528 550 622 607 adfert
643 549 681 607 ad
705 551 819 625 navigia
846 552 993 625 facienda,
1016 574 1134 630 quorum

85 651 215 707 cursibus
230 648 453 724 subpeditantur
467 665 571 705 omnes
585 646 715 722 undique
737 647 775 705 ad
797 649 886 706 vitam
908 652 1014 725 copiae
1024 672 1033 725 3
1055 670 1134 727 quas

85 766 202 822 queres
221 746 441 803 violentissimas
462 755 564 802 natura
584 745 692 819 genuit,
708 763 807 802 earum
828 746 1065 807 moderationem
1085 769 1136 808 nos

85 846 138 902 soli
153 845 303 913 habemus,
320 843 405 900 maris
420 853 508 917 atque
522 851 685 912 ventorum,
700 852 819 918 propter
840 845 1023 903 nauticarum
1045 865 1135 904 rerum
1152 874 1162 911 s

85 942 235 1000 scientiam
263 940 452 1015 plurimisque
481 939 630 996 maritimis
658 940 745 997 rebus
773 941 893 998 fruimur
913 952 1003 1017 atque
1024 945 1136 1001 utimur.

84 1041 278 1097 Terrenorum
292 1038 363 1094 item
377 1036 603 1094 commodorum
618 1037 713 1094 omnis
728 1046 772 1094 est
786 1038 816 1094 in
829 1036 950 1096 homine
963 1039 1137 1100 dominatus,

87 1137 149 1193 Nos
171 1135 291 1209 campis,
314 1153 368 1191 nos
389 1134 537 1191 montibus
558 1133 686 1203 fruimur,
709 1133 798 1190 nostri
820 1144 888 1192 sunt
916 1154 1029 1209 amnes,
1051 1138 1138 1195 nostri

86 1233 174 1302 lacus,
191 1250 245 1289 nos
260 1233 356 1306 fruges
370 1231 501 1301 serimus,
516 1249 570 1287 nos
585 1230 712 1301 arboreS,
727 1249 781 1288 nos
799 1248 942 1305 aquarum
964 1233 1137 1292 inductioni-

85 1331 138 1388 bus
154 1331 234 1387 terris
250 1329 463 1386 fecunditatem
477 1327 591 1399 damuS,
607 1346 661 1385 nos
675 1327 795 1385 flumina
813 1346 956 1401 arcemus,
972 1329 1137 1406 derigimus,
1150 1362 1171 1388 ιο

86 1429 248 1495 avertimus,
264 1426 368 1483 nostris
384 1424 512 1499 denique
527 1425 661 1482 manibus
675 1424 705 1481 in
725 1442 822 1482 rerum
842 1434 946 1484 natura
966 1428 1050 1502 quasi
1071 1428 1138 1485 alte·

85 1544 146 1581 ram
161 1535 293 1581 naturam
309 1522 424 1579 efficere
441 1541 590 1580 conamur.

42 1600 79 1704 ff,
129 1620 209 1694 Quid
224 1621 313 1678 vero?
333 1619 486 1677 hominum
500 1620 572 1677 ratio
587 1638 647 1677 non
668 1619 698 1676 in
713 1618 827 1677 eaelum
844 1637 938 1695 usque
959 1623 1141 1696 penetravit?

86 1719 143 1776 Soli
159 1719 237 1775 enim
252 1736 289 1775 ex
305 1718 500 1775 animantibus
519 1736 573 1774 nos
594 1726 737 1775 astrorum
759 1725 847 1789 ortua
862 1717 959 1776 obitus
981 1737 1139 1795 cursusque

86 1816 285 1890 cognovimus,
301 1816 338 1872 ab
353 1815 505 1872 hominurn
519 1832 626 1889 genere
640 1814 737 1872 finitus
758 1824 802 1872 est
816 1813 888 1886 dies,
903 1816 1024 1887 mensis,
1039 1835 1139 1889 annus,
1151 1842 1173 1881 ις

87 1913 267 1970 defectiones
289 1914 357 1969 solis
372 1922 400 1969 et
415 1913 499 1969 lunae
515 1912 649 1987 cognitae
664 1911 890 1987 praedictaeque
909 1912 940 1970 in
961 1931 1051 1972 omne
1073 1933 1139 1990 pos-

86 2021 179 2068 terum
194 2020 319 2084 tempus,
335 2028 418 2084 quae,
435 2019 569 2084 quantae,
585 2009 704 2083 quando
719 2010 830 2066 futurae
852 2010 918 2068 sint.
962 2010 1048 2085 Quae
1069 2030 1139 2070 con·

86 2116 171 2165 tuens
200 2108 313 2164 animus
341 2107 457 2164 accedit
478 2107 515 2164 ad
545 2107 744 2180 cognitionem
769 2106 901 2179 deorum,
924 2125 941 2165 e
970 2126 1029 2183 qua
1053 2111 1142 2168 oritur

87 2207 188 2282 pietaS,
209 2206 255 2261 cui
278 2205 435 2262 coniuncta
456 2205 562 2260 iustitia
582 2213 625 2261 est
646 2205 831 2279 reliquaeque
853 2205 1014 2277 virtutes,e
1036 2207 1141 2282 quibus

87 2304 145 2360 vita
158 2304 245 2361 beata
259 2304 353 2360 existit
368 2312 463 2378 paret
477 2302 574 2358 similis
590 2301 721 2373 deorum,
738 2302 816 2358 nulla
829 2303 884 2359 alia
904 2320 934 2359 re
956 2304 1012 2361 nisi
1034 2305 1139 2363 inmor·
1152 2328 1176 2355 ω

88 2403 205 2472 talitate,
222 2419 296 2475 quae
312 2401 383 2457 nihil
398 2399 436 2456 ad
451 2400 526 2457 bene
548 2397 705 2456 vivendum
727 2400 860 2474 pertinet,
877 2399 987 2458 cedens
1009 2401 1139 2460 caelesti·

89 2499 152 2556 bus.
195 2499 310 2572 Quibus
337 2499 422 2555 rebus
451 2497 589 2571 expositis
618 2497 686 2554 satis
716 2497 851 2554 docuisse
879 2497 990 2569 videor,
1014 2498 1141 2559 hominis

88 2606 189 2653 natura
204 2606 314 2670 quanto
329 2595 424 2652 omnis
439 2595 560 2651 anteiret
582 2594 754 2651 animantes.
798 2595 845 2651 Ex
865 2613 925 2670 quo
945 2595 1038 2654 debet
1057 2597 1139 2655 intel·

88 2694 145 2768 legi
161 2711 217 2750 nec
239 2694 360 2767 figuram
382 2693 527 2765 situmque
550 2692 748 2749 membrorum
769 2710 826 2749 nec
847 2693 956 2767 ingenii
976 2695 1141 2770 mentisque

40 2816 78 2856 nn
89 2792 147 2848 vim
171 2790 260 2847 talem
283 2789 358 2845 effici
384 2790 513 2863 potuisse
543 2790 665 2847 fortuna.
710 2791 821 2860 Restat,
849 2799 881 2847 ut
904 2789 1030 2848 doceam
1054 2802 1141 2868 atque
1153 2816 1175 2857 ος

90 2887 247 2962 aliquando
276 2905 410 2961 perorem
439 2888 546 2958 omnia,
569 2906 643 2961 quae
673 2888 729 2945 sint
758 2887 787 2945 in
815 2887 874 2944 hoc
893 2887 1014 2960 mund0,
1037 2890 1142 2964 quibus

90 2994 206 3042 utantur
220 2984 361 3054 homines
378 2983 528 3041 hominum
545 3003 633 3041 causa
647 2985 723 3042 facta
737 3003 800 3042 esse
816 2995 845 3041 et
859 2995 966 3060 parata.

47 3099 84 3151 (32
133 3083 278 3156 Principio
293 3082 354 3155 ipse
371 3081 497 3138 mundus
513 3081 635 3138 deorum
651 3082 861 3157 hominumque
876 3101 965 3140 causa
978 3084 1072 3145 factm
1089 3095 1141 3157 est,

91 3197 224 3253 quaeque
239 3179 269 3236 in
284 3197 320 3236 eo
335 3188 410 3249 sunt,
427 3198 461 3235 ea
476 3189 576 3254 parata
596 3179 633 3236 ad
656 3181 781 3237 fructum
802 3180 953 3238 hominum
976 3190 1005 3237 et
1026 3182 1143 3239 inventa

91 3285 166 3332 sunt.
211 3278 263 3334 Est
278 3277 356 3333 enirn
372 3277 498 3334 mundus
514 3279 595 3351 quasi
611 3279 774 3335 communis
796 3277 918 3335 deorum
940 3287 1027 3353 atque
1049 3279 1141 3337 homi·
1155 3303 1178 3343 ao

91 3392 161 3430 num
183 3373 288 3430 domus
311 3383 360 3432 aut
382 3375 449 3432 urbs
471 3384 668 3450 utrorumque.
712 3376 770 3434 Soli
793 3376 871 3433 enim
892 3376 1003 3433 ratione
1029 3386 1143 3435 utentes

91 3472 151 3527 iure
161 3490 195 3527 ac
205 3471 268 3546 lege
278 3472 385 3529 vivunt.
428 3474 469 3531 Ut
481 3474 565 3547 igitur
576 3473 704 3530 Athenas
716 3484 745 3531 et
756 3474 1011 3532 Lacedaemonem
1023 3474 1142 3533 Atheni·

92 3569 203 3625 ensium
221 3568 578 3643 Lacedaemoniorumque
594 3589 681 3626 causa
696 3571 857 3644 putandum
872 3582 914 3628 est
926 3571 1060 3630 conditas
1071 3591 1143 3643 esse,

93 3667 258 3740 omniaque,
274 3684 348 3740 quae
364 3666 463 3722 sintin
478 3666 521 3723 his
537 3667 664 3737 urbibus,
680 3685 780 3724 eorum
795 3669 971 3743 populorum
985 3679 1066 3727 recte
1081 3687 1144 3728 esse

93 3761 237 3836 dicuntur,
253 3762 303 3835 sic,
318 3778 521 3838 quaecumque
541 3769 607 3818 sunt
625 3761 655 3818 in
674 3761 756 3819 omni
777 3763 897 3837 mundo,
914 3763 1037 3825 deorum
1058 3776 1144 3845 atque
1156 3788 1178 3829 ³⁵
