2446 4102
419 283 484 333 ΜΒ.
502 283 523 332 1.
556 284 720 333 emur-v.
755 284 870 348 stau.
1128 287 1145 350 3
1151 284 1166 349 5

116 453 224 512 genere
246 444 360 495 tantum
381 437 538 512 profecisse
559 437 701 510 videmur,
721 448 753 496 ut
775 457 793 495 a
814 439 935 497 Graecis
956 457 993 496 ne
1014 440 1168 498 verborum

116 533 238 608 quidem
257 535 345 609 copia
358 536 550 594 vinceremur.
594 537 720 593 Hortata
741 537 828 593 etiam
850 546 903 608 est,
918 546 950 594 ut
971 555 1019 593 me
1039 536 1168 594 adhaec
1188 552 1201 591 a

116 631 288 702 conferrem,
303 633 393 689 animi
414 632 566 706 aegritudo
587 633 718 690 fortunae
740 651 847 708 magna
868 644 897 690 et
919 634 997 709 gravi
1019 645 1169 693 commota

115 728 236 801 iniuria3
262 730 344 786 cuius
369 730 393 786 si
418 730 559 787 maiorem
584 730 711 804 aliquam
733 729 907 788 levationem
932 733 1057 806 reperire
1082 742 1167 807 potu-

82 826 212 898 sissem,
235 845 296 883 non
320 825 358 884 ad
387 827 463 883 hanc
491 827 676 902 potissimum
705 828 901 902 confugissem
912 849 921 901 3
953 847 989 886 ea
1012 848 1079 887 vero
1105 830 1168 905 ipsa

114 925 192 982 nulla
216 924 326 981 ratione
355 925 458 982 melius
486 925 541 982 frui
568 924 660 999 potui,
686 943 775 1000 quam
803 926 827 982 si
854 944 902 983 me
930 945 991 984 non
1015 927 1106 985 modo
1128 926 1167 985 ad

113 1020 256 1096 legendos
286 1021 381 1092 libros,
404 1020 457 1078 sed
487 1023 575 1078 etiam
605 1021 643 1078 ad
673 1030 766 1079 totam
795 1022 1012 1098 philosophiam
1041 1034 1165 1099 pertrac-

112 1118 234 1176 tandam
262 1117 420 1176 dedissem.
474 1119 586 1177 Omnes
615 1128 713 1176 autem
742 1121 803 1177 eius
831 1130 927 1195 partes
955 1131 1042 1196 atque
1067 1123 1167 1179 omnia

113 1217 247 1274 membra
266 1225 329 1273 tum
352 1216 498 1272 facillume
522 1226 691 1287 noscuntur,
709 1235 776 1274 cum
795 1227 873 1275 totae
898 1219 1082 1293 quaestiones
1097 1220 1166 1276 scri-

76 1334 101 1360 ιο
114 1313 214 1372 hendo
234 1314 414 1388 explicantur
424 1333 433 1384 3
455 1322 499 1370 est
520 1313 600 1370 enim
621 1313 797 1371 admirabilis
818 1314 964 1389 quaedam
986 1317 1167 1375 continuatio

112 1411 261 1484 seriesque
282 1429 388 1480 rerum,
404 1419 436 1467 ut
457 1411 512 1467 alia
534 1428 570 1467 ex
591 1411 646 1467 alia
666 1430 743 1468 nexa
764 1422 792 1470 et
811 1430 914 1471 omnes
936 1413 1009 1470 inter
1030 1431 1061 1470 se
1081 1425 1166 1488 aptae

113 1508 336 1582 conligataeque
360 1506 520 1565 videantur.
565 1508 624 1581 Qui
649 1519 748 1566 autem
770 1510 927 1584 requirunt,
953 1510 1024 1584 quid
1049 1500 1204 1606 quaque?⁰

112 1604 151 1662 de
176 1623 207 1662 re
230 1605 285 1679 ipsi
308 1605 475 1677 sentiamus
492 1606 631 1663 curiosius
654 1606 685 1664 id
705 1607 822 1678 faciunt,
846 1626 933 1680 quam
958 1626 1079 1665 necesse
1102 1618 1163 1680 est;

111 1701 267 1759 nonenim
286 1711 346 1759 tam
368 1710 502 1761 auctores
523 1704 554 1760 in
575 1703 753 1779 disputando
775 1722 863 1778 quam
884 1705 1001 1762 rationis
1015 1715 1166 1763 momenta

76 1819 99 1857 τε
112 1798 284 1874 quaerenda
297 1808 371 1857 sunt.
417 1800 497 1874 Quin
519 1802 607 1858 etiarn
628 1801 713 1859 obest
733 1802 904 1876 plerumque
926 1802 968 1872 iis3
984 1803 1034 1876 qui
1051 1802 1164 1860 discere

111 1897 223 1968 volunt,
248 1898 403 1956 auctoritas
427 1916 538 1969 eorum,
559 1899 609 1972 qui
632 1917 662 1955 se
682 1897 790 1956 docere
816 1899 987 1973 profitentur
997 1920 1006 1971 3
1028 1899 1164 1958 desinunt

111 1996 192 2052 enim
216 2013 300 2052 suum
324 1995 465 2053 iudicium
488 1995 637 2068 adhibere,
658 1995 689 2053 id
712 1995 820 2053 habent
842 2005 944 2067 ratum,
962 1996 1043 2070 quod
1061 1997 1098 2055 ab
1117 2015 1163 2068 e0,

111 2112 201 2169 quem
223 2094 357 2169 probant,
372 2093 534 2152 iudicatum
548 2085 657 2152 vident'.
700 2095 766 2151 Nec
787 2112 856 2152 vero
879 2095 1000 2169 probare
1022 2094 1102 2152 soleo
1123 2095 1163 2166 id,

111 2191 194 2266 quod
206 2191 244 2249 de
260 2191 447 2267 Pythagoreis
462 2192 639 2266 accepimus,
655 2209 729 2265 quos
743 2192 846 2263 ferunt,
858 2192 881 2248 si
893 2191 965 2265 quid
979 2192 1164 2250 adfirmarent

72 2319 98 2346 ω
110 2291 142 2348 in
153 2288 341 2365 disputando,
351 2308 418 2348 cum
434 2308 470 2347 ex
485 2290 526 2347 eis
538 2298 731 2364 quaereretur,
742 2307 830 2363 quare
842 2289 882 2346 ita
892 2299 977 2359 esset,
987 2290 1163 2364 respondere

110 2388 230 2446 solitos:
254 2388 354 2462 ‘Ipse
376 2387 496 2445 dixit’.
540 2388 641 2461 ‘Ipse’
657 2396 755 2444 autem
777 2396 837 2443 erat
859 2387 1044 2461 Pythagoras.
1085 2389 1163 2445 Tan·

109 2495 173 2543 tum
191 2485 293 2559 opinio
315 2483 515 2559 praeiudicata
538 2493 660 2558 poterat,
675 2493 708 2541 ut
732 2484 819 2540 etiam
843 2483 904 2540 sine
929 2484 1039 2541 ratione
1057 2485 1164 2543 valeret

110 2582 277 2640 auctoritas
320 2581 378 2654 Qui
392 2591 490 2638 autem
512 2580 691 2638 admirantur
712 2599 766 2637 nos
787 2581 863 2637 hanc
880 2581 1063 2654 potissimum
1079 2581 1163 2639 disci·
1178 2601 1200 2640 n

108 2680 223 2755 plinam
236 2687 362 2750 secutos,
384 2679 418 2736 iis
440 2687 577 2752 quattuor
597 2677 783 2735 Academicis
806 2677 882 2735 libris
903 2679 970 2734 satis
992 2697 1164 2752 responsum

72 2798 96 2836 τε
109 2776 234 2834 videtur.
286 2777 443 2861 Necxvero
469 2774 650 2833 desertarum
674 2776 896 2849 relictarumque
921 2793 1017 2832 rerum
1039 2777 1163 2849 patroci-

110 2875 194 2931 nium
222 2873 403 2947 suscepimus
414 2893 423 2944 3
459 2890 520 2929 non
555 2873 634 2929 enim
670 2872 822 2929 hominum
857 2872 973 2929 interitu
1004 2875 1163 2931 sententiae

111 2988 231 3046 quoque
254 2968 404 3039 occidunt,
428 2969 481 3027 sed
506 2970 601 3026 lucem
627 2971 752 3027 auctoris
775 2971 895 3028 fortasse
919 2968 1085 3027 desiderant
1096 2991 1104 3042 3
1132 2981 1164 3028 ut

110 3062 185 3120 haec
207 3061 238 3118 in
257 3060 444 3135 philosophia
467 3061 539 3117 ratio
565 3069 667 3117 contra
690 3062 790 3117 omnia
815 3060 976 3119 disserendi
996 3061 1163 3135 nullamque

110 3178 172 3217 rem
195 3167 295 3232 aperte
317 3156 468 3215 iudicandi
491 3158 622 3232 profecta
644 3176 662 3213 a
684 3159 811 3229 Socrate,
827 3159 951 3233 repetita
972 3159 1009 3216 ab
1026 3160 1162 3230 Arcesila,

74 3283 99 3319 30
111 3256 284 3314 confirmata
297 3273 314 3312 a
329 3254 481 3313 Carneade
497 3273 590 3328 usque
605 3253 644 3312 ad
658 3265 787 3312 nostram
801 3256 891 3330 viguit
907 3265 1052 3328 aetatem3
1074 3275 1163 3330 quam

111 3371 189 3411 nunc
218 3370 311 3427 prope
340 3352 462 3410 modum
491 3352 593 3409 orbam
621 3370 684 3409 esse
717 3353 746 3408 in
774 3353 837 3426 ipsa
865 3354 990 3411 Graecia
1017 3354 1162 3429 intellego,

112 3449 203 3524 Quod
230 3468 292 3507 non
314 3449 492 3507 Academiae
517 3449 595 3520 vitiu,
620 3448 673 3507 sed
701 3448 834 3506 tarditate
863 3450 1017 3508 hominum
1044 3452 1164 3509 arbitror

112 3548 279 3623 contigisse.
335 3547 413 3604 Nam
441 3547 464 3604 si
493 3546 617 3620 singulas
649 3546 816 3620 disciplinas
846 3549 996 3622 percipere
1024 3568 1163 3623 magnum

113 3654 164 3717 est,
186 3653 298 3720 quanto
321 3645 413 3701 maius
435 3643 550 3700 omnis?
571 3642 651 3717 quod
675 3644 770 3699 facere
793 3643 825 3700 iis
846 3662 968 3701 necesse
990 3655 1042 3716 est,
1058 3647 1163 3720 quibus

81 3768 102 3807 3⁵
112 3743 295 3819 propositum
316 3749 360 3798 est
375 3740 434 3797 veri
453 3739 619 3814 reperiendi
642 3758 729 3797 causa
749 3749 778 3796 et
799 3751 901 3798 contra
923 3742 1017 3799 omnis
1035 3742 1162 3817 philoso-
