2446 4102
118 240 199 365 79³¹
448 265 496 314 oa
517 266 663 316 NATURA
685 266 845 318 oaoaom,

56 452 60 459 ·
119 419 351 494 religionumque
386 420 552 477 sanctitates
588 420 728 478 exsistunt
762 421 793 478 in
827 420 890 480 dies
927 421 1053 480 maiores
1089 429 1174 500 atque

88 518 263 588 emeliores,
293 516 382 590 idque
411 518 507 574 evenit
535 535 595 574 non
624 526 734 574 temere
762 536 819 575 nec
846 536 926 590 casu,
955 517 1009 576 sed
1037 518 1120 593 quod
1147 529 1174 577 et

120 624 286 690 praesentes
308 631 395 688 saepe
418 613 448 670 di
469 615 527 671 vim
548 633 631 671 suam
652 613 810 686 declarant,
830 624 862 672 ut
882 624 911 672 et
930 614 1012 690 apud
1030 616 1174 691 Regillum

121 713 197 770 bello
227 712 405 781 Latinorum,
435 729 502 767 cum
531 712 565 768 Α.
599 704 763 768 Postumius
799 710 924 769 dictator
952 730 1022 770 cum
1051 712 1174 772 Octavio

122 810 254 866 Mamilio
268 808 435 866 Tusculano
449 808 561 882 proelio
583 807 744 880 dimicaret,
766 809 796 866 in
817 818 916 866 nostra
936 809 999 867 acie
1022 809 1127 868 Castor
1147 820 1199 868 ets

122 907 222 964 Pollux
244 924 280 962 ex
301 906 382 980 equis
403 923 531 980 pugnare
553 904 695 977 visisunt,
711 914 740 963 et
754 906 914 964 recentiore
930 907 1073 964 memoria
1087 907 1174 966 iidem

119 1002 303 1078 Tyndaridae
333 1004 451 1086 Persem
478 1003 587 1060 victum
615 1003 828 1061 nuntiaverunt.
871 1004 902 1061 P.
929 1003 1009 1061 enim
1032 1005 1173 1077 Vatinius,

120 1119 189 1158 avus
215 1101 298 1158 huius
327 1098 530 1172 adulescentis,
556 1118 624 1157 cum
647 1118 663 1157 e
689 1101 871 1176 praefectura
896 1102 1023 1159 Reatina
1048 1102 1174 1160 Romam

118 1198 246 1255 venienti
270 1207 360 1255 noctu
385 1196 446 1254 duo
471 1198 589 1255 iuvenes
615 1216 683 1255 cum
708 1199 790 1272 equis
816 1198 886 1255 albis
909 1197 1052 1256 dixissent
1077 1218 1173 1275 regern

120 1297 236 1353 Persem
266 1296 314 1352 illo
342 1295 389 1352 die
423 1305 551 1369 captum,
583 1296 696 1353 senatui
728 1296 889 1368 nuntiavit,
911 1305 941 1353 et
969 1296 1066 1371 primo
1095 1297 1174 1371 quasi
1184 1319 1204 1345 ιο

119 1402 229 1449 temere
245 1392 282 1450 de
297 1411 326 1449 re
342 1393 459 1467 publica
472 1393 585 1451 locutus
601 1395 630 1451 in
652 1411 799 1451 carcerem
821 1394 973 1452 coniectus
996 1403 1049 1465 est,
1071 1404 1138 1470 post
1157 1413 1174 1452 a

120 1490 210 1547 Paulo
232 1491 330 1547 litteris
351 1490 441 1547 allatis
457 1490 619 1548 cumidem
634 1492 696 1548 dies
711 1492 895 1562 constitisset,
912 1500 942 1548 et
956 1509 1026 1567 agro
1042 1510 1060 1549 a
1074 1502 1172 1550 senatu

120 1598 149 1644 et
163 1589 314 1645 vacatione
330 1588 454 1646 donatus
470 1598 522 1646 est.
564 1591 660 1663 Atque
683 1590 770 1647 etiam
785 1589 907 1647 eumad
922 1588 1042 1647 fluvium
1058 1590 1172 1665 Sagram

121 1686 303 1743 Crotoniatas
333 1686 419 1743 Locri
446 1686 574 1743 maximo
602 1688 713 1761 proelio
741 1687 925 1758 devicissent,
962 1704 999 1744 eo
1034 1687 1099 1763 ipso
1127 1687 1172 1745 die

120 1783 247 1840 auditam
266 1801 329 1840 esse
349 1801 414 1840 eam
434 1800 562 1857 pugnam
582 1783 657 1841 ludis
673 1784 826 1860 Olympiae
845 1785 1004 1842 memoriae
1026 1785 1172 1860 proditum
1183 1808 1202 1846 ιε

120 1890 172 1937 est.
215 1881 307 1954 Saepe
323 1881 489 1937 Faunorum
503 1899 591 1938 voces
607 1881 769 1952 exauditae,
784 1900 872 1956 saepe
884 1882 962 1939 visae
977 1882 1088 1940 formae
1103 1883 1171 1941 deo-

119 1996 182 2034 rum
198 1978 328 2051 quemvis
343 1996 403 2034 non
418 1987 467 2034 aut
481 1978 618 2035 hebetem
633 1988 681 2036 aut
700 1979 820 2054 impium
835 1980 907 2036 deos
927 1990 1097 2054 praesentes
1112 1997 1171 2038 esse

86 2063 104 2117 3
122 2075 253 2132 confiteri
269 2076 434 2150 coligerunt.
478 2075 694 2134 Praedictiones
708 2095 776 2133 vero
791 2087 820 2134 et
837 2077 1058 2151 praesensiones
1079 2097 1172 2136 rerum

88 2129 277 2229 ⁷futurarum
305 2172 375 2247 quid
404 2171 482 2230 aliud
509 2173 658 2230 declarant
686 2174 739 2231 nisi
775 2174 941 2232 hominibus
977 2192 1013 2232 ea
1047 2174 1171 2247 ostendi,

120 2271 279 2341 monstrari,
309 2269 453 2344 portendi,
478 2270 629 2344 praedici?
656 2289 693 2328 ex
721 2290 779 2346 quo
808 2273 855 2328 illa
882 2282 1005 2343 ostenta,
1035 2283 1203 2344 monstram

119 2378 262 2441 portenta,
278 2367 409 2441 prodigia
424 2368 568 2424 dicuntur.
613 2368 728 2441 Quodsi
745 2387 780 2426 ea
801 2369 868 2426 ficta
888 2368 1037 2426 credimus
1058 2370 1173 2428 licentia

120 2464 288 2535 fabularum,
325 2467 473 2540 Mopsum,
515 2466 665 2536 Tiresiam,
709 2466 926 2541 Amphiaraum,
970 2466 1171 2539 Calchantem,

121 2563 280 2632 Helenum,
316 2581 389 2636 quos
425 2573 523 2619 tamen
557 2581 680 2637 augures
715 2582 752 2620 ne
767 2580 774 2591 ¹
788 2563 868 2639 ipsae
904 2562 1024 2638 quidem
1062 2566 1172 2624 fabulae

119 2658 317 2730 adscivissent,
341 2661 364 2716 si
389 2678 433 2716 res
457 2661 577 2717 omnino
599 2660 773 2735 repudiaret,
799 2680 835 2719 ne
859 2660 1030 2719 domesticis
1054 2662 1173 2738 quidem

120 2759 260 2831 exemplis
278 2757 357 2815 docti
376 2776 484 2814 numen
507 2757 630 2814 deorum
653 2758 920 2833 conprobabimus?
962 2758 1044 2816 Nihil
1065 2778 1120 2818 nos
1142 2762 1171 2819 P.
1183 2783 1203 2820 τε

120 2854 235 2912 Claudii
256 2854 332 2912 bello
355 2855 465 2911 Punico
487 2855 581 2928 primo
603 2857 748 2912 temeritas
770 2855 919 2913 movebit?
940 2856 991 2930 qui
1012 2857 1103 2915 etiam
1123 2875 1174 2933 per

119 2953 218 3008 iocum
234 2951 305 3008 deos
321 2951 457 3021 inridenS,
474 2970 540 3008 cum
559 2970 649 3009 cavea
670 2952 780 3010 liberati
801 2953 870 3027 pulli
892 2970 952 3010 non
974 2964 1172 3027 pascerentur,

120 3050 209 3122 mergi
234 3067 284 3105 eos
308 3050 336 3104 in
359 3067 464 3123 aquam
481 3050 569 3119 iussit,
590 3059 621 3105 ut
642 3050 784 3120 biberent,
805 3051 944 3123 quoniam
964 3067 1027 3108 esse
1054 3051 1172 3109 nollent

121 3147 179 3219 Qui
200 3146 272 3202 risus
295 3145 384 3202 classe
407 3145 522 3203 devicta
543 3147 647 3204 multas
666 3147 721 3221 ipsi
741 3147 881 3218 lacrimas,
904 3165 1042 3221 magnam
1063 3147 1173 3225 populo

120 3246 257 3300 Romano
286 3242 399 3299 cladem
427 3244 529 3300 attulit.
573 3243 675 3316 Quid?
703 3243 815 3318 collega
843 3244 904 3301 eius
933 3244 1036 3301 Iunius
1066 3245 1204 3307 eodema

119 3342 196 3399 bello
224 3358 323 3396 nonne
360 3349 533 3414 tempestate
571 3341 693 3397 classem
722 3342 824 3412 amisit,
853 3360 922 3398 cum
949 3342 1088 3416 auspiciis
1115 3360 1174 3400 non

119 3438 280 3513 paruisset?
322 3437 425 3511 Itaque
441 3438 579 3495 Claudius
595 3455 612 3494 a
630 3437 740 3511 populo
762 3437 975 3496 condemnatus
998 3448 1051 3510 est,
1075 3439 1173 3497 Iunius

88 3554 224 3594 snecem
253 3535 307 3592 sibi
336 3535 397 3609 ipse
426 3536 575 3591 conscivit.
619 3535 653 3592 C.
685 3535 859 3592 Flaminium
888 3535 1007 3593 Coelius
1035 3536 1173 3612 religione

119 3635 253 3709 neglecta
278 3631 419 3689 cecidisse
445 3631 524 3706 apud
547 3633 761 3689 Trasumenum
785 3632 883 3690 scribit
907 3650 976 3689 cum
1000 3651 1112 3709 magno
1135 3631 1174 3691 rei

119 3731 253 3806 publicae
288 3728 414 3787 vulnere.
476 3729 610 3802 Quorum
644 3728 732 3787 exitio
769 3728 896 3804 intellegi
934 3737 1034 3803 potest
1074 3747 1204 3798 eorumar
