2446 4102
18 308 23 315 '
71 306 133 370 140
396 306 446 355 DE
466 306 611 357 NATURA
633 305 793 357 DEORUM.

147 462 285 538 Aspice
313 460 381 518 hoc
409 460 565 520 sublime
597 459 776 532 candens,
806 479 912 537 quem
944 460 1120 521 invocant

751 576 878 617 omnes
901 559 1041 618 Iovem.

30 677 53 717 rr
69 658 160 733 Quasi
175 675 242 714 vero
263 656 416 731 quisquam
433 665 564 713 nostrum
586 655 673 714 istum
694 656 791 730 potius
812 674 901 730 quam
924 655 1121 731 Capitolinum

68 757 170 814 Iovem
186 754 313 829 appellet
327 763 376 811 aut
392 753 448 810 lroc
463 753 650 827 perspicuum
670 753 706 811 sit
726 763 899 827 constetque
920 754 997 811 inter
1018 755 1120 826 omnis,

68 871 119 911 eos
134 871 196 910 esse
212 852 294 922 deos,
307 869 380 925 quos
396 851 447 908 tibi
458 850 586 908 Velleius
600 851 741 924 multique
756 860 906 925 praeterea
917 869 955 908 ne
967 852 1120 910 animantis
1138 866 1149 903 ⁵

68 950 188 1025 quidem
210 967 273 1006 esse
296 947 472 1005 concedant.
515 948 611 1006 Grave
633 948 720 1005 etiam
742 957 946 1022 argumentum
966 949 1021 1007 tibi
1042 948 1121 1007 vide·

67 1046 159 1116 batur,
185 1045 266 1120 quod
295 1045 394 1119 opinio
421 1044 458 1102 de
488 1044 532 1102 dis
560 1045 759 1103 inmortalibus
782 1054 811 1102 et
835 1046 969 1103 omnium
994 1055 1071 1105 esset
1092 1056 1122 1104 et

68 1144 177 1202 cotidie
200 1154 352 1200 cresceret.
397 1142 497 1200 Placet
518 1143 603 1217 igitur
624 1152 717 1200 tantas
739 1161 784 1200 res
806 1142 947 1216 opinione
969 1143 1122 1201 stultorum

33 1241 199 1312 5iudicari,
221 1241 304 1298 vobis
332 1240 511 1314 praesertim,
534 1240 584 1314 qui
608 1240 671 1298 illos
693 1241 809 1297 insanos
831 1257 895 1297 esse
917 1239 1022 1298 dicatis
1030 1242 1048 1298 Ρ·
1084 1243 1122 1298 At

68 1340 146 1396 enim
168 1337 328 1412 praesentis
342 1337 476 1394 videmus
499 1336 580 1409 deos,
596 1346 627 1394 ut
644 1335 724 1411 apud
740 1336 886 1411 Regillum
901 1338 1077 1410 Postumius,
1085 1339 1122 1415 ‚in
1134 1361 1158 1388 ιο

68 1435 175 1494 Salaria
188 1435 341 1506 Vatinius;
363 1434 463 1491 nescio
479 1433 550 1508 quid
565 1434 653 1491 etiam
673 1433 711 1491 de
727 1434 888 1491 Locrorum
903 1433 984 1508 apud
1004 1435 1122 1510 Sagram

67 1533 187 1607 proelio.
231 1532 313 1605 Quos
329 1532 412 1605 igitur
429 1541 460 1588 tu
474 1529 658 1606 Tyndaridas
677 1531 853 1606 appellabas,
869 1529 900 1588 id
922 1540 967 1589 est
988 1531 1122 1590 homines

68 1630 186 1687 homine
209 1639 300 1699 natos,
317 1639 346 1685 et
367 1646 440 1702 quos
464 1629 622 1700 Homerus,
638 1629 688 1702 qui
707 1646 810 1685 recens
832 1629 869 1686 ab
890 1628 1005 1686 illorum
1027 1639 1122 1687 aetate

67 1728 129 1797 suit,
153 1727 281 1800 sepultos
305 1743 368 1782 esse
392 1725 463 1783 dicit
487 1725 722 1796 Lacedaemone,
745 1743 797 1783 eos
819 1735 850 1782 tu
874 1726 1028 1784 cantheriis
1051 1727 1122 1785 albis

68 1825 151 1881 nullis
173 1823 323 1880 calonibus
344 1824 383 1881 ob
398 1824 474 1880 viam
488 1823 606 1880 Vatinio
621 1823 736 1880 venisse
758 1823 904 1880 existimas
926 1833 955 1880 et
969 1823 1123 1882 victoriam
1136 1843 1158 1881 τε

68 1922 170 1997 populi
185 1921 312 1977 Romani
326 1920 445 1976 Vatinio
460 1921 567 1994 potius,
583 1920 695 1976 homini
709 1920 825 1991 rustico,
841 1937 931 1994 quam
946 1922 990 1979 M.
1006 1920 1121 1994 Catoni,

69 2019 118 2094 qui
143 2028 204 2075 tum
230 2027 289 2074 erat
314 2017 459 2092 princeps,
485 2017 683 2074 nuntiavisse?
724 2017 802 2092 Ergo
827 2027 857 2075 et
881 2016 952 2076 illud
976 2018 1007 2076 iu
1032 2019 1121 2091 silice,

69 2114 150 2190 quod
165 2113 253 2172 hodie
269 2123 389 2188 apparet
403 2113 484 2188 apud
499 2114 644 2188 Regillum
659 2123 809 2187 tamquam
819 2114 973 2189 vestigium
985 2116 1121 2191 ungulae,

31 2231 56 2273 12
70 2214 197 2272 Castoris
219 2213 286 2286 equi
310 2211 404 2268 credis
428 2213 513 2268 esse?
555 2212 663 2269 Nonne
684 2211 774 2268 mavis
796 2210 866 2270 illud
888 2211 1019 2284 credere,
1041 2212 1123 2288 quod

69 2311 185 2386 probari
200 2318 306 2384 potest,
321 2310 434 2365 animos
452 2309 666 2382 praeclarorum
684 2307 846 2379 hominum,
861 2309 962 2383 quales
982 2310 1029 2367 isti
1043 2311 1121 2386 Tyn-
1136 2333 1160 2359 ω

70 2407 189 2466 daridae
204 2408 327 2477 fuerunt,
344 2405 457 2462 divinos
479 2423 542 2462 esse
564 2415 593 2462 et
614 2415 757 2476 aeternos,
772 2423 861 2480 quam
883 2424 944 2477 eos,
960 2407 1011 2481 qui
1032 2407 1123 2465 semel

71 2506 191 2562 cremati
206 2514 311 2574 esseut,
324 2504 452 2578 equitare
468 2513 497 2560 et
512 2503 540 2559 in
557 2504 619 2559 acie
634 2520 763 2577 pugnare
778 2502 931 2577 potuisse?
951 2513 1010 2576 aut,
1026 2505 1051 2562 si
1065 2505 1123 2562 hoc

70 2603 131 2660 fieri
160 2603 288 2676 potuisse
318 2600 399 2671 dicis,
425 2600 534 2657 doceas
562 2610 686 2674 oportet,
712 2617 770 2673 quo
799 2598 900 2671 modo,
922 2618 978 2657 nec
1004 2602 1123 2660 fabellas

33 2717 58 2758 13
71 2701 160 2757 aniles
181 2699 317 2773 proferas.
359 2699 436 2754 Tum
452 2698 596 2754 Lucilius:
619 2698 666 2753 An
682 2697 743 2768 tibi,
758 2697 859 2770 inquit,
879 2696 1002 2756 fabellae
1021 2699 1122 2756 viden-

71 2799 137 2854 tur?
178 2797 286 2852 Nonne
306 2795 343 2850 ab
358 2796 392 2851 A.
409 2795 558 2852 Postumio
579 2793 683 2852 aedem
699 2794 812 2852 Castori
831 2803 860 2851 et
880 2794 991 2853 Polluci
1010 2796 1041 2853 iu
1060 2797 1123 2854 foro
1136 2821 1161 2859 25

73 2893 250 2963 dedicatam,
262 2909 359 2949 nonne
375 2901 491 2948 senatus
507 2893 672 2949 consultum
684 2891 721 2949 de
732 2892 850 2948 Vatinio
860 2889 964 2949 vides?
992 2893 1071 2950 Nam
1085 2892 1123 2952 de

73 2993 160 3066 Sagra
175 2992 354 3048 Graecorum
370 2988 457 3045 etiam
472 2999 515 3046 est
529 2988 643 3063 volgare
658 2989 852 3064 proverbium,
867 2988 926 3063 qui,
941 3006 1018 3063 quae
1037 2989 1122 3047 adfir-

73 3096 162 3158 mant,
179 3087 301 3144 certiora
322 3103 385 3143 esse
408 3085 510 3142 dicunt
532 3104 619 3160 quam
642 3087 697 3157 illa,
713 3104 787 3161 quae
801 3085 881 3162 apud
896 3086 1024 3160 Sagram.
1067 3087 1124 3146 His

72 3185 157 3258 igitur
170 3184 335 3241 auctoribus
350 3201 449 3240 nonne
461 3182 553 3241 debes
565 3184 695 3241 moveri?
719 3184 796 3240 Tum
808 3183 913 3242 Cotta:
936 3184 1123 3256 Rumoribus,

73 3281 174 3355 inquit,
186 3300 303 3338 mecum
315 3299 437 3355 pugnas,
451 3280 549 3350 Balbe,
562 3297 617 3353 ego
629 3289 727 3337 antem
739 3298 756 3336 a
770 3290 798 3337 te
813 3280 939 3338 rationes
953 3282 1123 3355 requiro...
1137 3310 1163 3349 30

37 3359 61 3465 {³4
114 3381 287 3453 Sequuntur,
303 3397 377 3453 quae
393 3380 486 3436 futura
500 3387 575 3435 sunt.
619 3377 753 3452 Effugere
769 3379 847 3435 enim
862 3395 951 3435 nemo
969 3377 1000 3435 id
1017 3388 1123 3453 potest,

74 3476 155 3553 quod
169 3477 295 3534 futurum
311 3487 363 3535 est.
406 3478 499 3550 Saepe
514 3485 611 3532 autem
626 3493 662 3531 ne
678 3475 746 3532 utile
762 3475 881 3549 quidem
897 3484 940 3532 est
955 3476 1038 3547 scire,
1053 3475 1125 3551 quid

74 3577 200 3634 futurum
225 3575 260 3631 sit
272 3595 279 3645 ;
308 3574 444 3631 miserum
470 3583 513 3630 est
539 3572 616 3629 enim
644 3572 715 3630 nihil
743 3573 945 3646 proficientem
973 3574 1042 3648 angi
1069 3592 1125 3632 nec

74 3675 180 3732 habere
196 3690 232 3730 ne
248 3671 311 3745 spei
326 3670 446 3745 quidem
461 3679 622 3726 extremum
638 3679 667 3726 et
682 3679 780 3726 tamen
796 3688 953 3727 commune
973 3671 1125 3743 solacium,

74 3771 242 3847 praesertim
265 3787 332 3825 cum
347 3786 399 3825 vos
419 3766 509 3824 iidem
530 3766 589 3823 fato
611 3765 672 3822 lieri
690 3764 792 3822 dicatis
808 3767 915 3837 omnia,
931 3767 1012 3840 quod
1026 3778 1124 3826 autem
1139 3794 1162 3832 ss

651 4026 755 4062 A
