2446 4102
331 287 399 336 Lm.
417 289 438 336 1.
473 286 534 336 cn.
547 287 671 347 xxxix,
683 288 737 336 xn.
772 289 801 352 §t
819 289 937 351 106-113.
1118 275 1157 355 65

99 451 247 518 oportere.
290 443 352 500 Isto
379 439 480 512 modo,
504 441 644 515 quoniam
672 441 805 498 homines
834 443 968 499 mortales
997 451 1073 514 sunt,
1102 443 1159 501 sint

99 540 190 614 aliqui
214 539 391 610 inmortales,
407 547 437 595 et
458 538 598 612 quoniam
620 547 778 595 nascuntur
800 539 830 595 in
855 548 937 610 terra,
953 549 1109 597 nascautur
1130 543 1159 599 in

98 656 186 712 aqua.
197 669 239 678 -
251 638 289 694 Et
304 636 373 710 quia
386 644 453 693 sunt
468 653 543 709 quae
558 635 734 707 interimant,
750 636 805 693 sint
827 654 902 710 quae
926 648 1108 696 conservent.
1119 673 1159 682 -

98 735 163 792 Sint
185 752 265 805 sane,
284 732 338 790 sed
360 751 395 790 ea
417 742 599 803 conservent,
618 750 692 806 quae
716 742 782 790 sunt
794 754 802 804 3
824 733 897 792 deos
921 735 991 792 istos
1012 755 1075 793 esse
1099 756 1159 795 non

64 831 203 890 ssentio.
247 830 352 890 Omnis
379 839 479 887 tamen
506 830 562 888 ista
588 849 684 888 rerum
712 830 822 905 effigies
851 850 886 888 ex
915 832 1070 890 individuis
1099 848 1203 909 quous

97 928 191 987 modo
206 928 378 1002 corporibus
392 928 502 985 oritur?
523 946 598 1002 quae
621 928 734 985 etiamsi
756 939 861 1001 essent,
884 948 959 1004 quae
982 932 1061 988 nulla
1082 941 1157 1002 sunt,

51 1084 57 1099 ,
96 1027 207 1103 pellere
233 1044 265 1084 se
292 1026 356 1101 ipsa
381 1035 411 1084 et
433 1025 534 1102 agitari
558 1026 632 1082 inter
656 1044 686 1082 se
713 1044 857 1084 concursu
883 1028 1002 1086 sortasse
1028 1040 1156 1104 possent,

96 1125 233 1195 formare,
251 1123 383 1198 figurare,
403 1123 543 1194 colorare,
565 1124 693 1181 animare
713 1142 774 1181 non
793 1134 922 1199 possent.
966 1127 1053 1183 Nullo
1074 1127 1158 1201 igitur

96 1221 191 1279 modo
216 1221 400 1279 inmortalem
424 1219 515 1278 deum
539 1220 662 1279 efficitis.
703 1220 863 1279 Videamus
892 1241 971 1279 nunc
996 1223 1033 1280 de
1059 1225 1200 1283 bertolt)

60 1344 85 1371 10
98 1320 167 1378 Sine
188 1319 294 1376 virtute
315 1328 394 1376 certe
416 1318 495 1375 nullo
515 1317 606 1375 modo
617 1339 626 1390 ,·
648 1318 744 1399 virtus
758 1328 856 1376 autem
878 1329 1006 1392 actuosa,
1030 1331 1059 1377 et
1084 1321 1156 1378 deus

96 1426 194 1474 vester
207 1416 280 1474 nihil
295 1435 404 1492 agens3
427 1434 531 1491 expers
544 1416 655 1473 virtutis
669 1415 774 1490 igitur,
796 1416 836 1473 ita
856 1435 894 1473 ne
908 1418 1010 1475 beatus
1026 1419 1155 1492 quidem.

98 1514 187 1588 Quae
200 1531 271 1589 ergo
284 1513 364 1572 vita?
404 1512 616 1589 Suppeditatio,
632 1513 736 1587 inquis,
751 1514 896 1572 bonorum
916 1516 994 1572 nullo
1013 1517 1198 1574 malorumin

97 1611 275 1669 interventu.
318 1611 453 1686 Quorum
477 1610 599 1668 tandem
624 1611 790 1668 bonorum?
830 1613 1029 1687 Voluptatum,
1055 1613 1154 1684 credo,

96 1727 208 1786 nempe
223 1708 263 1766 ad
278 1727 385 1784 corpus
399 1709 627 1784 pertinentium3
649 1709 757 1766 nullam
772 1710 851 1766 enim
873 1711 992 1768 novistis
1013 1711 1067 1768 nisi
1088 1728 1153 1785 pro·

59 1807 208 1866 xsfectam
230 1825 249 1864 a
269 1824 392 1882 corpore
417 1815 447 1864 et
468 1805 641 1863 redeuntem
664 1805 702 1862 ad
724 1825 831 1881 corpus
855 1807 944 1863 animi
965 1808 1153 1882 voluptatem.

98 1906 169 1963 Non
189 1905 312 1963 arbitror
329 1913 368 1976 te,
386 1904 489 1975 Vellei,
510 1904 632 1961 similem
652 1922 715 1960 esse
737 1905 949 1979 Epicureorum
968 1907 1153 1979 reliquorum,

98 2023 172 2080 quos
188 2023 249 2062 non
262 2002 373 2080 pudeat
387 2003 572 2078 quarundam
587 2004 708 2078 Epicuri
722 2023 838 2075 vocum,
856 2006 959 2079 quibus
975 2006 1020 2062 ille
1036 2015 1155 2063 testatur

98 2122 128 2162 se
149 2121 189 2161 ne
212 2102 379 2178 intellegere
400 2102 521 2176 quidem
542 2103 632 2159 ullum
651 2102 771 2174 bonurn,
792 2101 874 2176 quod
895 2104 930 2159 sit
952 2105 1115 2160 seiunctum
1138 2124 1155 2161 a

98 2201 231 2259 delicatis
246 2209 276 2257 et
290 2200 424 2257 obscenis
438 2200 634 2274 voluptatibus
646 2219 655 2271 ,·
677 2218 749 2273 quas
769 2200 889 2273 quidem
904 2219 964 2256 non
979 2201 1153 2259 erubescens

59 2298 282 2374 ”persequitur
306 2297 400 2354 omnis
425 2297 607 2355 nominatim.
651 2297 749 2370 Quem
775 2298 874 2354 cibum
899 2296 984 2371 igitur
1007 2307 1057 2354 aut
1082 2314 1198 2372 quasin

96 2395 235 2471 potiones
255 2403 304 2452 aut
318 2412 389 2468 quas
403 2413 511 2451 vocum
527 2394 692 2451 authorum
707 2395 860 2451 varietates
882 2404 931 2451 aut
953 2413 1027 2469 quos
1050 2405 1152 2468 tactus,

96 2510 172 2568 quos
187 2490 294 2549 odores
314 2491 466 2549 adhibebis
487 2491 526 2548 ad
548 2491 628 2562 deos
645 2501 676 2548 ut
698 2510 748 2548 eos
768 2490 925 2565 perfundas
940 2492 1154 2566 voluptatibus?

97 2591 137 2647 Et
151 2589 259 2665 poetae
274 2588 394 2662 quidem
412 2585 528 2665 [nectar
548 2587 740 2665 ambrosiam]
760 2589 859 2662 epulas
881 2599 1040 2662 conparant
1055 2598 1084 2645 et
1105 2599 1154 2646 aut

97 2688 283 2745 Iuventatem
296 2694 345 2742 aut
356 2685 561 2760 Ganymedem
572 2686 680 2759 pocula
691 2686 909 2756 ministrantem,
920 2694 951 2742 tu
963 2696 1069 2756 autem,
1083 2687 1152 2760 Epi-

57 2804 82 2843 25
97 2802 176 2855 cure,
192 2782 265 2857 quid
279 2783 390 2840 facies?
432 2783 537 2857 Neque
553 2783 640 2853 enim,
656 2782 735 2839 unde
751 2783 856 2840 habeat
871 2783 925 2840 ista
936 2782 1007 2840 deus
1022 2792 1096 2853 tuus,
1112 2784 1151 2839 vi-

97 2882 165 2952 deo,
180 2898 239 2938 nec
253 2898 312 2955 quo
327 2879 418 2937 modo
433 2889 536 2937 utatur.
581 2880 769 2954 Locupletior
784 2880 869 2954 igitur
886 2880 1037 2936 hominum
1052 2890 1154 2937 natura

97 2979 134 3037 ad
156 2979 244 3037 beate
257 2977 415 3035 vivendum
432 2986 477 3034 est
490 2996 579 3051 quam
601 2977 734 3049 deorum,
749 2976 831 3052 quod
852 2978 979 3052 pluribus
998 2979 1152 3051 generibus

96 3077 197 3134 fruitur
221 3076 411 3150 voluptatum.
453 3076 491 3132 At
519 3075 570 3132 has
599 3076 720 3132 leviores
746 3075 829 3133 ducis
854 3075 1024 3149 voluptates,
1048 3076 1196 3149 quibusua

96 3174 180 3249 quasi
195 3172 317 3230 titillatio
332 3171 468 3248 (Epicuri
479 3173 557 3229 enim
572 3172 629 3230 hoc
640 3174 761 3231 verbum
774 3174 832 3247 est)
847 3172 1000 3229 adhibetur
1011 3173 1151 3231 sensibus.

59 3296 83 3332 ³0
97 3271 262 3346 Quousque
284 3269 380 3326 ludis?
421 3271 500 3326 Nam
524 3271 610 3327 etiam
635 3271 717 3328 Philo
740 3281 839 3328 noster
861 3270 932 3326 ferre
956 3289 1016 3326 non
1039 3280 1152 3344 poterat

96 3367 245 3442 aspernari
261 3367 423 3441 Epicureos
437 3368 531 3425 mollis
547 3377 576 3424 et
591 3368 729 3424 delicatas
743 3369 906 3443 voluptates
918 3388 926 3440 ;
949 3386 1063 3424 summa
1074 3369 1152 3424 enim

97 3464 240 3522 memoria
253 3464 459 3538 pronuntiabat
473 3465 610 3539 plurimas
625 3465 744 3539 Epicuri
755 3465 912 3522 sententias
924 3465 956 3521 iis
968 3465 1037 3538 ipsis
1048 3465 1150 3534 verbis,

97 3562 202 3636 quibus
218 3569 299 3618 erant
314 3561 438 3635 scriptae
449 3582 457 3633 3
481 3560 644 3618 Metrodori
663 3581 740 3634 vero,
763 3564 814 3636 qui
836 3573 878 3619 est
901 3563 1020 3636 Epicuri
1042 3563 1152 3636 collega

97 3658 265 3733 sapientiae,
281 3657 372 3714 multa
396 3657 601 3731 inpudentiora
624 3659 782 3731 recitabat,
813 3668 930 3715 accusat
955 3660 1033 3715 enim
1052 3660 1079 3714 T
1081 3660 1151 3714 imo-

59 3779 83 3817 as
98 3764 216 3829 cratem,
238 3754 356 3812 fratrem
376 3772 470 3827 suurn,
494 3754 690 3827 Metrodorus,
711 3755 792 3830 quod
814 3755 926 3811 dubitet
947 3756 1054 3828 omnia,
1077 3773 1151 3829 quae
