2446 4102
418 253 483 302 Lm.
496 254 531 303 11.
565 254 728 314 cmxxx
763 256 793 318 ξς
808 268 896 318 24-30.
1142 243 1184 323 87

126 405 207 464 tione
238 408 429 465 recalescunt.
480 409 548 483 Ipse
579 427 648 467 vero
681 410 738 480 air,
770 410 821 484 qui
851 419 954 468 natura
984 420 1027 468 est
1056 411 1183 470 maxime

126 502 256 579 frigidus,
272 505 391 562 minime
407 514 451 563 est
472 523 574 580 expers
597 506 699 563 caloris
710 526 719 579 ;
741 507 787 563 ille
808 525 876 564 vero
898 516 928 564 et
948 507 1040 565 multo
1062 507 1183 582 quidem
1196 522 1221 565 tt

126 604 225 661 calore
240 601 385 661 admixtus
401 613 463 676 est;
485 604 548 679 ipse
563 605 643 662 enirn
657 606 745 662 oritur
760 622 796 662 ex
810 605 999 679 respiratione
1021 625 1181 681 aquarum;

126 719 229 758 earum
250 701 329 757 enim
351 701 433 774 quasi
453 719 545 776 vapor
567 701 687 775 quidam
709 702 758 759 aer
779 701 933 760 habendus
955 713 1017 776 est,
1039 705 1063 762 is
1084 715 1182 762 autem

93 814 104 850 s
126 798 222 855 existit
246 806 328 854 motu
353 797 414 854 eius
439 798 550 868 caloris
572 799 622 872 qui
643 799 725 873 aquis
747 800 921 858 continetur.
965 801 1063 874 Quam
1084 802 1181 860 simili-

124 894 260 952 tudinem
288 911 408 951 cernere
439 911 593 968 possumus
624 895 654 952 in
684 896 718 952 iis
748 897 841 970 aquis,
873 915 948 971 quae
981 899 1183 957 eclervescunt

124 983 248 1042 subditis
271 983 393 1058 ignibus
445 985 509 1041 Iam
531 1003 600 1042 vero
623 986 733 1059 reliqua
754 997 856 1061 quarta
876 1006 941 1062 pars
962 989 1073 1060 mundi,
1096 1007 1131 1046 ea
1152 1000 1182 1047 et

125 1082 188 1156 ipsa
201 1089 266 1138 tota
278 1089 381 1138 natura
393 1080 503 1138 fervida
517 1092 561 1139 est
576 1091 605 1139 et
620 1083 724 1140 ceteris
738 1085 845 1141 naturis
868 1085 1004 1142 omnibus
1027 1086 1180 1143 salutarem

124 1178 244 1252 inpertit
262 1186 291 1235 et
309 1177 425 1235 vitalem
446 1178 581 1237 calorem.
626 1180 672 1237 Ex
692 1198 751 1254 quo
773 1181 965 1255 concluditur,
988 1201 1055 1239 cum
1077 1199 1219 1240 omnesne

87 1299 111 1326 ιο
125 1275 229 1333 mundi
250 1285 347 1349 partes
364 1276 559 1333 sustineantur
579 1277 684 1349 calore,
707 1277 850 1335 mundum
872 1279 958 1336 etiam
980 1281 1075 1354 ipsum
1097 1280 1180 1337 simili

123 1374 245 1449 parique
260 1382 363 1431 natura
375 1373 407 1431 in
421 1383 501 1431 tanta
516 1373 703 1433 diuturnitate
722 1376 835 1446 servari,
858 1394 953 1449 eoque
976 1378 1076 1451 magis,
1099 1376 1181 1450 quod

123 1472 252 1546 intellegi
270 1470 359 1529 debet
381 1471 509 1529 calidum
533 1471 603 1529 illud
623 1482 711 1546 atque
732 1473 850 1546 igneum
872 1473 912 1530 ita
932 1473 961 1530 in
983 1475 1063 1531 omni
1085 1474 1181 1532 iusum

124 1588 190 1628 esse
204 1579 317 1641 natura,
331 1579 364 1627 ut
384 1569 415 1628 in
436 1587 473 1627 eo
495 1569 562 1627 insit
583 1569 757 1644 procreandi
777 1570 818 1627 vis
841 1579 870 1627 et
891 1588 980 1626 causa
999 1570 1148 1644 gignendi,
1163 1589 1182 1628 a

124 1685 184 1742 quo
200 1676 229 1725 et
244 1667 402 1725 animantia
416 1667 516 1724 omnia
530 1678 560 1724 et
574 1686 617 1738 ea,
633 1685 758 1742 quorum
772 1667 875 1742 stirpes
889 1677 965 1725 terra
985 1667 1179 1741 continentur,

86 1784 109 1823 τε
124 1775 154 1824 et
168 1764 250 1823 nasci
265 1766 300 1823 sit
313 1782 436 1822 necesse
453 1774 481 1821 et
496 1783 662 1839 augescere.

165 1864 278 1920 Natura
298 1873 342 1920 est
362 1862 455 1938 igitur,
471 1879 546 1936 quae
569 1863 718 1920 contineat
740 1861 883 1919 mundum
908 1880 1028 1919 omnem
1051 1880 1176 1936 eumque
1184 1845 1219 1952 12}

122 1968 247 2032 tueatur,
263 1968 292 2018 et
313 1978 349 2017 ea
368 1959 489 2034 quidem
511 1978 571 2017 non
594 1959 656 2016 sine
679 1978 766 2016 sensu
792 1969 879 2033 atque
903 1959 1015 2016 ratione
1026 1980 1034 2030 ;
1057 1976 1179 2016 omnem

122 2059 203 2116 enim
218 2066 350 2115 naturam
365 2074 486 2114 necesse
502 2067 553 2128 est,
569 2075 644 2130 quae
659 2075 720 2113 non
734 2056 859 2113 solitaria
877 2056 913 2113 sit
933 2073 1030 2130 neque
1046 2056 1178 2130 simplex,

122 2154 178 2214 sed
195 2142 269 2213 cum'
285 2154 342 2212 alio
362 2154 462 2212 iuncta
482 2163 570 2228 atque
593 2172 714 2224 conexa,
730 2152 837 2210 habere
854 2153 981 2227 aliquem
1001 2153 1030 2209 in
1050 2171 1081 2211 se
1100 2153 1178 2227 prin·

84 2253 265 2328 nocipatum,
280 2261 326 2310 ·ut
359 2252 390 2310 in
424 2251 543 2309 homine
572 2260 711 2321 mentem,
742 2251 771 2306 in
799 2251 886 2308 belua
913 2249 1056 2324 quiddam
1086 2251 1179 2307 simile

121 2349 239 2420 mentis,
254 2348 334 2406 unde
355 2349 483 2406 oriantur
502 2366 598 2405 rerum
620 2347 774 2422 adpetitus
817 2348 852 2404 In
873 2347 1008 2404 arborum
1029 2357 1127 2404 autem
1150 2356 1179 2405 et

121 2466 224 2506 earum
247 2457 351 2518 rerum,
374 2464 449 2521 quae
478 2446 632 2520 gignuntur
660 2464 676 2501 e
705 2455 787 2513 terra,
811 2443 955 2501 radicibus
981 2445 1075 2501 inesse
1100 2444 1178 2519 prin-

121 2547 237 2621 cipatus
271 2552 396 2619 putatur.
440 2543 636 2617 Principatum
673 2551 770 2599 autem
799 2541 829 2598 id
858 2541 936 2612 dieo,
962 2541 1043 2616 quod
1071 2542 1179 2600 Graeci

120 2639 286 2722 ἡγεμονικόν
298 2648 414 2711 vocant,
430 2657 490 2714 quo
511 2639 581 2696 nihil
603 2640 631 2696 in
654 2657 772 2713 quoque
796 2657 902 2713 genere
925 2657 981 2695 nec
1002 2647 1099 2713 potest
1120 2657 1178 2696 nec

82 2761 106 2800 τε
121 2739 212 2798 debet
235 2756 298 2796 esse
323 2736 523 2812 praestantius.
568 2737 613 2793 Ita
637 2754 759 2792 necesse
785 2746 828 2792 est
853 2734 924 2792 illud
950 2736 1046 2805 etiam,
1068 2736 1098 2792 in
1118 2754 1177 2809 quo

120 2837 158 2895 sit
185 2836 274 2894 totius
302 2845 421 2892 naturae
449 2834 636 2908 principatus,
659 2851 721 2890 esse
751 2833 883 2890 omnium
911 2834 1055 2906 optimum
1083 2833 1176 2889 omni-

120 2952 231 3008 umque
256 2952 351 2990 rerum
376 2941 520 3006 potestate
546 2930 756 3004 dominatuque
782 2930 992 3004 dignissimum.
1035 2929 1214 2987 Videmuseo

119 3042 220 3089 autem
235 3031 264 3088 in
279 3031 409 3105 partibus
425 3028 527 3086 mundi
546 3028 631 3105 (nihil
647 3037 690 3084 est
704 3028 782 3084 enim
805 3028 833 3084 in
856 3028 936 3084 omni
958 3026 1078 3098 mund0,
1095 3027 1176 3101 quod

119 3148 181 3187 non
202 3147 268 3203 pars
290 3127 415 3185 universi
437 3127 487 3201 sit)
514 3126 608 3184 inesse
634 3143 751 3183 sensum
773 3135 860 3199 atque
885 3125 1036 3181 rationem.
1080 3125 1115 3181 In
1141 3143 1176 3181 ea

82 3235 202 3302 30parte
235 3226 328 3300 igitur,
358 3225 387 3281 in
415 3243 473 3298 qua
507 3222 610 3281 mundi
644 3223 719 3279 inest
754 3223 942 3296 principatus,
972 3220 1044 3277 haec
1079 3221 1174 3278 inesse

120 3342 242 3382 necesse
257 3332 309 3394 est,
325 3332 354 3379 et
368 3321 479 3378 acriora
493 3321 613 3396 quidem
628 3331 715 3395 atque
731 3320 848 3377 maiora.
892 3319 1040 3392 Quocirca
1060 3319 1173 3393 sapien·

120 3431 180 3479 tem
209 3439 272 3478 esse
301 3419 445 3477 mundum
473 3437 593 3476 necesse
623 3428 675 3488 est,
704 3427 895 3491 naturamque
925 3436 999 3486 earn,
1025 3435 1100 3490 quae
1128 3433 1173 3473 res

120 3537 223 3576 omnes
252 3518 397 3591 conplexa
424 3526 531 3587 teneat,
555 3516 733 3590 perfectione
761 3515 879 3571 rationis
905 3514 1055 3584 excellere,
1078 3531 1172 3587 eoque

120 3616 210 3674 deum
225 3633 289 3672 esse
304 3613 456 3684 mundum,
472 3631 649 3686 omnemque
665 3613 723 3668 vim
745 3611 846 3668 mundi
867 3621 968 3667 natura
984 3611 1081 3667 divina
1103 3628 1172 3666 con-

83 3740 107 3778 ³⁵
120 3713 212 3771 tineri.
256 3713 351 3785 Atque
373 3710 460 3767 etiam
482 3708 584 3767 mundi
606 3709 651 3765 ille
676 3709 768 3764 servor
790 3708 895 3781 purior,
912 3706 1087 3781 perlucidior
1110 3724 1171 3763 mo·
