2446 4102
346 271 412 320 Lm.
429 271 465 320 11.
499 271 560 320 cm.
575 270 750 320 Lvi-Lvm.
784 271 814 335 §a
830 280 949 336 14e145.
1115 267 1172 334 125

117 434 266 486 verterent
276 447 284 499 ;
307 425 443 500 aciesque
468 425 539 501 ipsa,
559 444 618 500 qua
641 425 796 496 cernimus,
817 442 892 499 quae
915 423 1025 499 pupula
1046 431 1175 497 vocatur,

118 524 159 583 ita
173 542 263 600 parva
276 533 329 595 est,
344 532 376 581 ut
391 541 434 594 ea,
450 540 526 597 quae
547 540 655 580 nocere
676 522 797 597 possint,
813 522 896 578 facile
912 522 991 592 vitet,
1007 521 1175 596 palpebrae-

118 639 186 697 que,
203 639 279 696 quae
294 630 360 679 sunt
375 630 524 696 tegmenta
537 621 698 690 oculorum,
715 619 899 677 mollissimae
914 628 1004 690 tactu,
1019 637 1056 676 ne
1078 619 1175 677 laede-

117 729 185 776 rent
206 719 310 789 aciem,
326 718 473 793 aptissime
495 717 589 775 factae
604 715 687 774 etad
704 714 883 774 claudendas
905 717 1037 791 pupulas,
1053 735 1090 774 ne
1106 716 1177 792 quid

85 843 98 880 s
119 815 273 886 incideret,
295 824 325 872 et
347 814 386 872 ad
408 813 590 890 aperiendas,
612 813 701 888 idque
724 811 852 888 providit
873 823 905 870 ut
929 813 1091 871 identidem
1115 815 1177 872 fieri

118 922 222 990 posset
250 931 317 970 cum
346 913 472 969 maxima
500 912 657 969 celeritate.
706 911 898 985 Munitaeque
927 921 993 968 sunt
1020 912 1221 986 palpebraelis

117 1022 271 1085 tamquam
291 1010 365 1067 vallo
386 1009 520 1083 pilorum,
537 1009 641 1084 quibus
662 1018 691 1065 et
714 1008 820 1082 apertis
844 1008 944 1078 oculis,
965 1009 988 1065 si
1012 1009 1083 1083 quid
1105 1010 1176 1067 inci-

119 1108 214 1180 deret,
230 1107 424 1182 repelleretur,
445 1116 475 1165 et
495 1124 600 1165 somno
621 1106 833 1176 coniventibus,
856 1125 924 1163 cum
946 1107 1036 1164 oculis
1056 1106 1095 1164 ad
1115 1125 1176 1164 cer-

118 1205 254 1262 nendum
268 1223 328 1261 non
345 1221 505 1278 egeremus,
517 1212 549 1260 ut
564 1203 582 1259 ii
599 1211 749 1277 tamquam
761 1201 881 1259 involuti
897 1202 1087 1275 quiescerent.
1122 1205 1176 1264 La·

79 1311 184 1359 rotent
203 1310 354 1375 praeterea
375 1301 481 1357 utiliter
503 1309 532 1357 et
554 1299 674 1356 excelsis
699 1298 828 1373 undique
851 1299 980 1372 partibus
1001 1302 1176 1376 saepiuntur.

125 1402 257 1460 Primum
271 1400 349 1456 enim
365 1399 513 1473 superiora
527 1397 686 1472 superciliis
703 1396 833 1454 obducta
848 1397 985 1455 sudorem
1004 1417 1022 1455 a
1043 1400 1138 1474 capite
1153 1409 1182 1456 et

124 1500 220 1557 fronte
244 1497 421 1554 defluentem
444 1495 607 1570 repellunt;
633 1512 725 1569 genae
749 1494 857 1552 deinde
883 1496 920 1552 ab
943 1496 1076 1553 inferiore
1101 1507 1182 1571 parte

125 1606 257 1654 tutantur
277 1595 424 1652 subiectae
448 1593 608 1667 leniterque
632 1593 795 1649 eminentes
807 1613 814 1664 ;
837 1611 982 1667 nasusque
1007 1594 1047 1651 ita
1070 1595 1182 1652 locatus

126 1704 181 1764 est,
200 1703 233 1751 ut
254 1693 336 1767 quasi
359 1709 456 1748 murus
482 1691 573 1748 oculis
598 1690 765 1748 interiectus
791 1709 853 1747 esse
876 1690 1015 1748 videatur.
1058 1692 1206 1750 Auditus1

87 1817 112 1853 ις
126 1801 225 1848 autem
249 1806 365 1863 semper
386 1797 466 1863 patet
477 1807 485 1860 3
512 1787 573 1844 eius
597 1787 675 1844 enim
696 1805 783 1845 sensu
805 1788 893 1844 etiam
915 1787 1093 1846 dormientes
1115 1807 1182 1863 ege-

126 1907 212 1959 mus;
234 1904 325 1961 aquo
339 1904 408 1943 cum
422 1903 511 1943 sonus
526 1894 570 1941 est
583 1895 731 1960 acceptus,
747 1885 835 1942 etiam
857 1903 872 1941 e
894 1903 998 1943 somno
1014 1887 1182 1946 excitamur.

128 1985 307 2044 Flexuosum
327 1983 382 2040 iter
402 1982 499 2053 habet,
514 2000 552 2039 ne
568 1980 639 2057 quid
660 1982 764 2039 intrare
789 1983 888 2058 possit,
904 1983 927 2040 si
950 1983 1073 2058 simplex
1088 1993 1117 2042 et
1131 1984 1182 2042 de-

126 2093 241 2143 rectum
265 2090 377 2157 pateret
387 2101 396 2153 3
425 2080 573 2155 provisum
600 2080 697 2151 etiam,
721 2089 761 2150 ut,
787 2080 810 2138 si
836 2098 894 2155 qua
918 2081 1038 2137 minima
1061 2082 1184 2139 bestiola

127 2190 282 2240 conaretur
302 2180 477 2254 inrumpere,
493 2177 523 2235 in
545 2177 679 2235 sordibus
702 2177 813 2235 aurium
837 2187 987 2253 tamquam
1002 2179 1031 2235 in
1045 2179 1125 2237 visco
1140 2181 1181 2236 in-

89 2298 115 2327 20
128 2280 321 2338 haeresceret.
364 2278 454 2334 Extra
478 2285 577 2332 autem
601 2275 731 2332 eminent
751 2293 826 2349 quae
847 2276 1028 2350 appellantur
1049 2294 1131 2334 aures
1154 2286 1184 2335 et

127 2374 249 2452 tegendi
272 2393 361 2432 causa
383 2374 477 2431 iactae
501 2371 672 2447 tutandique
696 2390 807 2444 sensus,
827 2382 856 2429 et
878 2391 916 2429 ne
941 2373 1073 2430 adiectae
1095 2392 1183 2431 voees

127 2474 294 2533 laberentur
307 2482 394 2547 atque
410 2480 545 2541 errarent,
560 2470 638 2545 prius
654 2487 742 2543 quam
756 2487 858 2527 sensus
874 2470 910 2527 ab
925 2470 958 2527 iis
977 2471 1076 2544 pulsus
1098 2480 1182 2529 esset.

129 2569 189 2630 Sed
211 2569 300 2628 duros
322 2579 351 2627 et
372 2569 454 2644 quasi
476 2567 630 2626 corneolos
656 2567 764 2624 habent
787 2567 919 2624 introitus
941 2568 1094 2642 multisque
1116 2587 1183 2625 eum

128 2668 261 2737 flexibuS,
277 2666 358 2742 quod
380 2666 424 2724 his
448 2666 557 2723 naturis
578 2647 683 2722 relatus
704 2664 896 2738 amplificatur
917 2683 1025 2737 sonus3
1047 2666 1185 2740 quocirca

90 2788 114 2826 τε
129 2777 160 2824 et
174 2766 205 2822 in
218 2763 324 2823 fidibus
339 2762 484 2822 testudine
499 2772 650 2821 resonatur
668 2770 717 2818 aut
739 2780 839 2833 cornu,
855 2771 884 2819 et
906 2780 942 2819 ex
962 2764 1098 2820 tortuosis
1112 2763 1184 2821 locis

130 2873 160 2921 et
174 2861 293 2920 inclusis
306 2863 374 2919 soni
385 2862 546 2919 referuntur
559 2861 723 2936 ampliores.
768 2860 903 2918 Similiter
915 2877 1007 2929 nares,
1018 2878 1092 2935 quae
1108 2873 1223 2916 sem-1³

128 2979 183 3036 per
207 2968 326 3035 propter
349 2959 526 3017 necessarias
551 2959 687 3016 utilitates
712 2967 821 3033 patent,
844 2957 1051 3014 contractiores
1076 2956 1185 3014 habent

131 3058 273 3128 introitus
289 3075 326 3114 ne
343 3055 414 3132 quid
435 3057 465 3115 in
488 3075 545 3128 eas,
561 3055 642 3132 quod
666 3065 781 3126 noceat,
803 3056 895 3130 possit
917 3054 1086 3129 pervadere,
1102 3072 1184 3112 umo-

130 3172 252 3230 remque
267 3172 382 3230 semper
400 3154 509 3213 habent
529 3154 567 3211 ad
588 3155 737 3229 pulverem
762 3154 910 3226 multaque
933 3153 988 3208 alia
1010 3151 1187 3226 depellenda

93 3271 192 3312 eonon
212 3252 353 3309 inutilem.
396 3252 534 3311 Gustatus
556 3252 702 3327 praeclare
717 3260 834 3325 saeptus
857 3260 900 3307 est
911 3271 919 3322 ;
942 3268 992 3307 ore
1014 3250 1093 3306 enim
1114 3268 1184 3307 con·

130 3351 240 3408 tinetur
254 3359 283 3406 et
297 3348 335 3408 ad
350 3368 435 3407 usum
449 3359 517 3425 apte
532 3359 562 3406 et
577 3348 615 3406 ad
629 3349 835 3405 incolumitatis
851 3347 1025 3405 custodiam.
1068 3348 1184 3407 Omnis·

132 3465 190 3523 que
219 3465 321 3504 sensus
355 3446 509 3504 hominum
543 3446 634 3503 multo
669 3445 816 3502 antecellit
850 3445 983 3503 sensibus
1018 3446 1185 3503 bestiarum.

133 3545 263 3603 Primum
278 3543 356 3601 enim
372 3543 449 3602 oculi
471 3545 500 3600 in
522 3544 555 3601 iis
578 3544 694 3613 artibuS,
711 3561 833 3618 quarum
855 3541 997 3599 iudicium
1020 3552 1064 3600 est
1086 3543 1223 3600 oculo-b

131 3662 206 3714 rum,
221 3642 251 3699 in
266 3642 360 3717 pictis,
375 3642 449 3700 fictis
465 3641 641 3716 caelatisque
660 3641 768 3710 formis,
784 3641 813 3697 in
835 3658 992 3716 corporum
1014 3640 1101 3697 etiam
1123 3659 1186 3698 mo-

94 3764 119 3805 35
131 3740 213 3799 tione
234 3748 322 3815 atque
344 3748 427 3814 gestu
452 3738 543 3796 multa
567 3747 690 3796 cernunt
715 3737 865 3812 subtilius,
888 3737 1020 3796 colorum
1044 3736 1132 3795 etiam
1158 3746 1188 3796 et
