2446 4102
104 277 144 338 34
432 272 481 320 na
502 271 647 320 aarum
670 271 829 321 nnonuu.

68 430 222 493 3alterum
251 437 329 485 certe
358 445 418 485 non
446 435 552 501 potest,
575 435 607 483 ut
634 426 699 501 plus
727 444 786 482 una
812 444 880 484 vera
908 426 953 485 sit.
996 427 1065 502 Qua
1092 427 1155 504 qui-

102 527 171 584 dem
198 526 228 582 in
257 543 345 582 causa
372 533 401 581 et
428 524 578 581 benivolos
607 524 805 598 obiurgatores
833 524 949 599 placare
978 533 1007 582 et
1041 525 1156 585 invidos

101 624 309 698 vituperatores
345 622 493 678 confutare
528 637 693 695 possumus,
721 629 754 678 ut
791 620 895 679 alteros
931 622 1156 697 reprehendisse

101 721 256 796 paeniteat,
285 719 365 776 alteri
394 716 530 774 didicisse
562 735 593 774 se
622 716 787 792 gaudeant,
817 736 886 775 nam
915 719 965 793 qui
993 719 1157 778 admonent

70 840 83 879 o
103 819 205 889 amice,
221 815 349 874 docendi
364 825 439 886 sunt,
455 814 505 888 qui
524 814 642 871 inimice
659 814 848 888 insectantur,
863 815 1034 890 repellendi.
1078 817 1155 874 Mul·
1176 838 1187 877 s

102 925 164 973 tum
179 923 275 972 autem
290 913 404 971 fluxisse
419 910 505 969 video
525 910 563 968 de
584 912 662 969 libris
684 913 797 984 nostris,
814 930 888 987 quos
903 913 1062 988 compluris
1076 914 1157 972 brevi

102 1023 235 1087 tempore
256 1011 410 1081 edidimus,
432 1010 601 1084 variumque
623 1027 789 1067 sermonem
813 1011 919 1084 partim
939 1008 1156 1083 admirantium,

103 1109 182 1167 unde
196 1110 254 1166 hoc
268 1106 495 1184 philosophandi
513 1107 598 1165 nobis
616 1107 712 1164 subito
731 1107 861 1164 studium
876 1107 1025 1180 extitisset,
1040 1109 1156 1182 partim,

103 1206 174 1282 quid
188 1224 304 1280 quaque
323 1205 361 1263 de
382 1224 413 1263 re
435 1205 506 1262 certi
527 1204 709 1274 haberemus
725 1205 798 1261 scire
821 1204 1011 1279 cupientium.
1054 1205 1157 1264 Multis

103 1305 190 1362 etiam
205 1303 281 1361 sensi
294 1303 423 1361 mirabile
437 1301 529 1360 videri
545 1320 609 1359 eam
624 1301 710 1358 nobis
724 1301 909 1375 potissimum
923 1301 1078 1376 probatam
1092 1321 1156 1362 esse
1171 1325 1194 1352 10

102 1401 326 1476 philosophiam,
349 1418 423 1474 quae
444 1401 541 1458 lucem
564 1399 688 1474 eriperet
711 1407 740 1455 et
764 1398 845 1472 quasi
864 1408 984 1456 noctem
1006 1400 1157 1475 quandam

102 1499 188 1557 rebus
203 1498 375 1570 offunderet,
390 1498 581 1572 desertaeque
597 1496 768 1570 disciplinae
787 1505 817 1553 et
836 1496 893 1553 iam
908 1495 1023 1570 pridem
1037 1497 1156 1557 relictae

102 1596 297 1671 patrocinium
311 1595 519 1670 necopinatum
534 1613 551 1652 a
567 1594 652 1653 nobis
672 1611 736 1651 esse
755 1602 934 1668 susceptum.
978 1594 1042 1652 Nos
1058 1606 1156 1654 autem

102 1712 160 1751 nec
188 1694 284 1751 subito
312 1693 464 1767 coepimus
492 1692 691 1768 philosophari
719 1709 774 1748 nec
803 1690 986 1748 mediocrem
1014 1710 1032 1748 a
1059 1693 1156 1767 primo

103 1801 235 1866 tempore
252 1790 352 1848 aetatis
373 1791 402 1847 in
424 1808 460 1847 eo
482 1789 579 1848 studio
600 1808 720 1864 operam
742 1806 900 1862 curamque
918 1790 1155 1864 consumpsimus
1170 1808 1191 1847 ιε

103 1898 142 1960 et,
171 1907 238 1945 cum
265 1888 385 1945 minime
412 1887 591 1958 videbamur,
620 1896 682 1944 tum
710 1887 837 1944 maxime
866 1885 1155 1960 philosophabamur,

103 1985 185 2061 quod
207 1995 236 2043 et
259 1985 403 2042 orationes
425 1984 574 2041 declarant
595 1985 715 2042 refertae
740 1984 983 2059 philosophorum
1005 1985 1156 2044 sententiis

103 2093 132 2141 et
155 2082 391 2140 doctissimorum
416 2081 568 2138 hominum
592 2082 806 2153 familiaritates
830 2082 935 2157 quibus
962 2066 1154 2158 semper‘do-

102 2200 167 2238 mus
181 2191 279 2237 nostra
300 2178 402 2249 floruit,
418 2187 447 2235 et
467 2178 613 2253 principes
635 2179 683 2250 illi,
700 2179 857 2250 Diodotus,
875 2180 966 2250 Philo,
982 2181 1154 2254 Antiochus,

71 2290 83 2332 ῖ
103 2278 286 2349 Posidonius,
302 2295 319 2333 a
333 2276 437 2350 quibus
453 2276 573 2333 instituti
593 2295 701 2335 sumus,
745 2278 783 2335 Et
798 2278 822 2334 si
836 2278 936 2334 omnia
949 2277 1153 2353 philosophiae
1166 2305 1190 2333 ω

102 2384 259 2451 praecepta
285 2374 445 2430 referuntur
467 2371 505 2430 ad
527 2374 625 2446 vitam,
649 2374 819 2432 arbitramur
843 2393 897 2432 nos
922 2385 951 2431 et
976 2375 1101 2449 publicis
1126 2387 1155 2434 et

101 2473 217 2548 privatis
240 2473 271 2529 in
292 2472 378 2529 rebus
402 2489 437 2527 ea
460 2470 644 2545 praestitisse,
666 2490 741 2547 quae
765 2472 837 2530 ratio
862 2481 892 2529 et
915 2471 1049 2530 doctrina
1070 2491 1154 2549 prae-

68 2571 254 2645 tscripserit.
297 2569 346 2627 Sin
368 2578 466 2626 autem
489 2568 552 2642 quis
573 2570 700 2643 requirit,
726 2587 801 2643 quae
823 2588 912 2627 causa
932 2588 987 2627 nos
1008 2570 1153 2644 inpulerit,

102 2678 133 2726 ut
147 2668 220 2725 haec
238 2677 299 2725 tarn
320 2685 384 2724 sero
406 2666 504 2724 litteris
526 2665 740 2738 mandaremus,
756 2667 827 2724 nihil
848 2678 901 2738 est,
918 2665 999 2741 quod
1014 2668 1154 2743 expedire

101 2776 161 2822 tam
179 2766 261 2822 facile
284 2765 437 2838 possimus.
481 2764 559 2821 Nam
581 2783 649 2822 eum
671 2765 732 2822 otio
753 2765 965 2839 langueremus,
981 2773 1011 2821 et
1031 2763 1055 2822 is
1077 2774 1155 2824 esset
1167 2786 1190 2825 πε

101 2862 142 2920 rei
156 2863 291 2937 publicae
305 2870 404 2931 status,
420 2870 451 2918 ut
472 2880 537 2918 eam
558 2862 644 2919 unius
666 2862 787 2919 consilio
809 2871 897 2935 atque
917 2880 986 2919 cura
999 2862 1155 2936 gubernari

101 2978 221 3018 necesse
243 2969 328 3030 esset,
345 2959 471 3033 primum
493 2960 582 3034 ipsius
604 2960 646 3016 rei
668 2959 804 3034 publicae
827 2977 916 3017 causa
938 2959 1154 3034 philosophiam

100 3058 203 3115 nostris
225 3057 390 3114 hominibus
412 3056 616 3130 explicandam
637 3056 736 3130 putavi
757 3056 856 3131 magni
877 3056 1044 3114 existimans
1065 3058 1153 3116 inter·

101 3172 164 3211 esse
187 3152 224 3210 ad
246 3152 336 3210 decus
360 3162 389 3210 et
413 3152 452 3210 ad
476 3152 594 3210 laudem
617 3153 739 3211 civitatis
764 3172 809 3210 res
834 3162 894 3211 tam
918 3154 1010 3228 gravis
1032 3163 1153 3229 tamque

69 3252 259 3326 spraeclaras
289 3251 397 3308 Latinis
426 3251 512 3307 etiam
541 3250 640 3308 litteris
668 3250 811 3308 contineri
821 3271 830 3323 ;
862 3268 958 3324 eoque
982 3269 1030 3308 me
1057 3253 1153 3311 minus
1166 3270 1190 3310 ³0

100 3348 220 3405 instituti
237 3348 295 3405 mei
316 3349 454 3423 paenitet,
477 3346 558 3421 quod
580 3347 664 3404 facile
686 3349 788 3418 sentio,
807 3366 896 3422 quam
918 3349 1074 3405 multorum
1092 3368 1153 3407 non

101 3445 191 3504 modo
207 3445 349 3516 discendi,
365 3445 418 3503 sed
434 3446 521 3503 etiam
536 3444 683 3503 scribendi
697 3445 793 3503 studia
808 3447 1028 3503 commoverim.
1062 3447 1151 3505 Com-

101 3545 195 3618 plures
211 3543 288 3599 enim
310 3542 430 3601 Graecis
451 3543 678 3600 institutionibus
701 3542 805 3600 eruditi
828 3561 871 3613 ea,
887 3561 962 3617 quae
978 3542 1152 3615 didicerant,

100 3661 168 3698 curn
191 3641 301 3697 civibus
324 3640 381 3696 suis
404 3639 623 3696 communicare
646 3657 707 3696 non
729 3649 873 3713 poterant,
897 3639 978 3713 quod
1000 3639 1055 3710 illa,
1076 3658 1152 3714 quae

100 3758 118 3800 a
140 3738 259 3802 Graecis
281 3737 473 3811 accepissent,
496 3736 599 3793 Latine
621 3735 680 3794 dici
700 3754 787 3811 posse
809 3735 985 3794 diffiderent.
1029 3737 1098 3811 Quo
1120 3739 1185 3798 inas
