2446 4102
265 265 332 315 ΠΒ.
349 265 384 315 11.
417 265 478 321 cn.
497 266 742 315 xxxrn-xxxtr.
777 267 807 330 §5
821 266 909 329 83-88.
1053 267 1109 346 105

57 428 110 479 aut
124 419 267 478 mundum
281 419 341 495 regi
356 419 557 478 confitendum
576 429 628 478 est.
672 420 798 491 Etenim,
814 421 863 494 qui
885 422 1008 495 reliquas
1030 431 1111 479 natu·
1126 438 1151 475 aa

57 537 105 576 ras
133 536 239 575 omnes
268 535 424 592 earumque
452 518 563 575 semina
591 519 749 589 contineat,
774 521 822 591 qui
850 529 947 592 potest
971 520 1032 594 ipse
1053 538 1113 576 non

56 625 162 673 natura
189 614 403 672 administrari?
430 624 470 686 ut,
500 615 524 672 si
552 615 601 689 qui
630 615 733 673 dentes
755 626 784 672 et
804 617 988 691 pubertatem
1010 629 1112 675 natura

57 712 140 770 dicat
154 712 287 783 existere,
302 711 398 787 ipsum
413 722 509 769 autem
525 712 685 783 hominem,
702 714 749 770 cui
767 731 802 769 ea
816 715 948 785 existant,
964 735 1024 772 non
1042 734 1111 774 cou-

21 832 35 869 s
57 819 135 868 stare
157 818 267 880 natura,
283 827 343 866 non
368 808 513 884 intellegat
536 827 579 880 ea,
602 828 676 883 quae
700 811 827 867 ecferant
850 812 957 885 aliquid
980 831 1016 869 ex
1038 831 1111 885 sese,

57 906 250 982 perfectiores
264 905 370 962 habere
386 900 501 962 naturas
516 924 603 980 quam
619 925 662 977 ea,
679 925 752 980 quae
769 926 805 963 ex
819 909 852 964 iis
868 909 1036 966 ecferantur.

101 1003 243 1062 Omnium
257 1012 353 1058 autem
367 1019 471 1073 rerum,
487 1020 560 1076 quae
575 1013 677 1059 natura
697 1004 939 1076 administrantur,
955 1007 1112 1064 seminator
1119 1008 1155 1061 34

57 1109 90 1158 et
110 1109 190 1157 sator
211 1108 241 1156 et
260 1117 373 1173 parem,
399 1109 430 1156 ut
451 1099 491 1156 ita
511 1099 618 1170 dicam,
641 1110 727 1174 atque
753 1100 894 1159 educator
919 1111 948 1159 et
971 1104 1043 1159 altor
1069 1114 1113 1161 est

57 1196 190 1254 mundus
211 1196 367 1270 omniaque
389 1196 464 1253 sicut
485 1197 616 1254 membra
637 1207 667 1254 et
687 1208 783 1271 partes
804 1217 870 1256 suas
898 1201 1056 1257 nutricatur
1084 1211 1113 1257 et

15 1294 203 1352 10continet.
246 1293 360 1367 Quodsi
374 1293 476 1350 mundi
493 1304 588 1368 partes
610 1304 712 1351 natura
732 1294 975 1367 administrantur,
990 1316 1112 1354 necesse

57 1401 104 1450 est
123 1389 269 1449 mundum
291 1391 387 1465 ipsum
403 1401 506 1447 natura
526 1390 727 1462 administrari,
745 1393 825 1449 cuius
848 1393 966 1466 quidem
989 1394 1110 1451 admini-

57 1489 159 1547 stratio
181 1488 252 1546 nihil
273 1488 361 1546 habet
382 1488 411 1545 in
433 1506 473 1559 se,
489 1487 570 1562 quod
591 1488 765 1562 reprehendi
786 1491 878 1563 possit
889 1511 897 1562 3
920 1509 956 1547 ex
977 1492 1010 1547 iis
1034 1493 1112 1549 enim

57 1586 178 1656 naturis
201 1604 276 1660 quae
298 1594 386 1656 erant,
410 1585 490 1659 quod
512 1585 588 1643 effici
610 1586 752 1660 optimum
774 1588 878 1660 potuit,
902 1588 1037 1644 eflectum
1060 1599 1112 1647 est.

58 1685 178 1742 Doceat
193 1701 262 1758 ergo
276 1683 377 1757 aliquis
393 1683 521 1756 potuisse
537 1684 648 1740 melius.
692 1683 750 1741 Sed
765 1703 852 1741 nemo
869 1704 1007 1758 umquam
1023 1685 1111 1742 doce·
1125 1700 1150 1742 at

17 1782 111 1852 15bit,
127 1781 194 1838 etsi
209 1781 273 1855 quis
288 1781 430 1855 corrigere
453 1779 561 1854 aliquid
583 1780 668 1850 volet,
685 1791 733 1837 aut
755 1781 881 1838 deterius
903 1782 989 1838 faciet
1003 1792 1052 1839 aut
1072 1783 1111 1852 id,

58 1878 142 1954 quod
155 1878 218 1936 fieri
232 1896 293 1935 non
307 1878 442 1952 potuerit,
458 1877 643 1935 desiderabit.
687 1877 800 1951 Quodsi
816 1897 917 1935 omnes
933 1879 1033 1936 mundi
1048 1898 1112 1954 par-

58 1986 105 2035 tes
120 1976 161 2034 ita
181 1976 354 2033 constitutae
376 1984 451 2046 sunt,
473 1985 504 2032 ut
526 1993 621 2049 neque
644 1974 682 2032 ad
704 1995 788 2032 usum
810 1976 943 2032 meliores
965 1979 1114 2050 potuerint

59 2091 124 2132 esse
138 2091 236 2148 neque
250 2071 288 2130 ad
303 2072 433 2146 speciem
455 2072 642 2146 pulchriores,
658 2071 817 2144 videamus,
840 2084 935 2129 utrum
951 2092 992 2145 ea
1014 2075 1111 2131 fortui-

58 2180 127 2230 tane
143 2172 201 2228 sint
215 2189 254 2227 an
268 2188 304 2228 eo
319 2179 403 2240 statu,
419 2165 478 2244 'quo
499 2169 655 2226 cohaerere
677 2170 756 2226 nullo
778 2169 868 2227 modo
890 2171 1037 2245 potuerint
1058 2172 1114 2230 nisi

18 2295 46 2322 πο
58 2287 147 2327 sensu
161 2266 333 2326 moderante
349 2265 504 2341 divinaque
519 2266 710 2342 providentia,
752 2267 782 2325 Si
801 2267 885 2341 igitur
906 2268 1025 2324 meliora
1046 2278 1114 2326 sunt

59 2384 105 2437 ea,
127 2382 204 2441 quae
225 2373 335 2435 natura,
358 2382 445 2438 quam
466 2364 521 2435 illa,
544 2382 618 2439 quae
641 2374 700 2421 arte
729 2364 859 2438 perfecta
886 2375 960 2435 sunt,
983 2384 1039 2422 nec
1068 2385 1112 2424 ars

59 2463 150 2521 efficit
164 2463 322 2537 quicquam
336 2463 398 2520 sine
412 2462 532 2533 ratione,
548 2480 585 2519 ne
607 2472 708 2518 natura
729 2460 849 2535 quidem
871 2463 987 2519 rationis
1010 2481 1113 2537 expers

58 2570 104 2620 est
118 2558 265 2618 habenda.
308 2560 368 2634 Qui
382 2560 466 2634 igitur
487 2560 632 2630 convenit,
648 2560 763 2634 signum
784 2569 833 2616 aut
854 2559 982 2616 tabulam
1004 2561 1113 2634 pictam

58 2677 128 2716 cum
144 2657 299 2732 aspexeris,
315 2657 388 2714 scire
403 2655 563 2714 adhibitam
578 2674 641 2713 esse
662 2666 762 2727 artem,
778 2674 904 2730 cumque
926 2658 1028 2730 procul
1050 2677 1112 2714 cur-

19 2781 44 2819 25
58 2774 124 2814 sum
145 2754 252 2830 navigii
273 2753 387 2826 videris,
409 2772 469 2811 non
491 2753 632 2824 dubitare,
654 2753 725 2828 quin
745 2752 776 2809 id
797 2753 908 2809 ratione
937 2764 1023 2828 atque
1052 2765 1111 2812 arte

58 2861 220 2924 moveatur,
236 2863 293 2924 aut,
305 2872 373 2910 cum
387 2852 521 2910 solarium
536 2852 581 2910 vel
596 2851 766 2926 discriptum
780 2852 826 2908 vel
840 2870 877 2908 ex
891 2871 966 2925 aqua
980 2863 1111 2910 contem-

58 2951 149 3027 plere,
161 2950 329 3024 intellegere
344 2948 483 3007 declarari
498 2950 582 3007 horas
597 2958 666 3020 arte,
682 2968 742 3006 non
757 2967 834 3019 casu,
848 2948 990 3006 mundum
1005 2961 1111 3022 autem,

58 3049 108 3124 qui
123 3057 154 3106 et
169 3047 221 3106 has
236 3047 311 3122 ipsas
327 3057 401 3104 artes
416 3057 446 3104 et
460 3065 558 3104 earum
578 3046 701 3104 artifices
723 3055 753 3102 et
774 3055 881 3102 cuncta
901 3048 1111 3121 conplectatur,

58 3145 174 3204 consilii
192 3154 222 3203 et
235 3144 353 3203 rationis
367 3162 431 3202 esse
447 3154 595 3219 expertem
614 3145 736 3218 putare?
778 3142 892 3216 Quodsi
914 3144 943 3201 in
965 3145 1112 3219 Scythiam
1125 3159 1151 3198 aa

19 3252 108 3303 aeaut
129 3243 160 3300 in
183 3242 362 3299 Britanniam
383 3240 536 3315 sphaeram
558 3241 658 3314 aliquis
680 3240 775 3297 tulerit
803 3240 888 3311 hanc,
911 3259 998 3315 quam
1019 3260 1113 3315 nuper

57 3339 206 3398 familiaris
220 3346 319 3396 noster
333 3338 430 3396 effecit
452 3337 633 3408 Posidonius
650 3338 731 3394 cuius
754 3338 882 3411 singulae
906 3340 1111 3396 conversiones

57 3436 139 3495 idem
154 3435 285 3495 efficiunt
298 3435 329 3493 in
343 3436 404 3493 sole
419 3443 449 3492 et
463 3434 492 3491 in
507 3435 574 3491 luna
595 3443 623 3490 et
643 3435 673 3490 in
688 3434 816 3508 quinque
836 3436 923 3492 stellis
942 3436 1111 3506 errantibus,

57 3533 139 3610 quod
155 3532 280 3592 efficitur
300 3533 330 3590 in
351 3532 433 3590 caelo
456 3531 571 3606 singulis
594 3530 696 3588 diebus
719 3541 748 3587 et
769 3532 912 3602 noctibuS,
929 3533 992 3606 quis
1014 3533 1044 3589 in
1066 3533 1112 3589 illa

56 3631 191 3690 barbaria
212 3628 335 3702 dubitet,
363 3629 433 3703 quin
462 3646 497 3685 ea
524 3628 647 3702 sphaera
674 3628 709 3683 sit
738 3628 867 3702 perlecta
895 3629 1027 3686 ratione?
1068 3630 1155 3690 Hiar

19 3750 43 3790 ³⁵
56 3732 157 3789 autem
171 3726 307 3788 dubitant
325 3725 363 3785 de
385 3724 505 3797 mund0,
521 3743 557 3783 ex
578 3742 636 3800 quo
659 3733 688 3781 et
709 3725 838 3782 oriuntur
859 3736 889 3782 et
909 3726 981 3783 fiunt
1003 3727 1110 3799 omnia,
