2446 4102
128 288 189 351 130
451 286 500 335 rus
521 286 666 337 uarum
688 285 848 337 nsonuu.

123 442 217 500 bubus
232 442 354 516 loquar?
375 458 498 515 quorum
515 441 576 515 ipsa
590 451 671 515 terga
685 439 834 499 declarant
847 460 909 499 non
925 459 990 500 esse
1005 460 1037 500 se
1053 441 1091 501 ad
1105 462 1175 501 onus

125 538 330 613 accipiendum
359 538 496 612 figurata,
527 538 655 595 cervices
683 547 782 595 autern
808 548 894 595 natae
920 538 961 595 ad
984 540 1094 614 iugum,
1117 549 1176 597 turn

123 638 196 693 vires
211 654 377 692 umerorum
393 645 422 691 et
436 634 603 692 latitudines
617 633 656 691 ad
671 645 764 692 aratra
781 633 1009 712 [ex]trahenda.
1054 637 1174 710 Quibus,

123 751 192 790 cum
207 742 299 788 terrae
315 732 515 805 subigerentur
529 731 646 787 fissione
661 730 820 804 glebarum,
836 732 873 789 ab
888 732 938 788 illo
954 751 1046 790 aureo
1063 751 1175 807 genere,

124 840 155 886 ut
169 830 274 905 poetae
290 829 455 902 loquuntur,
469 828 512 885 vis
526 828 605 884 nulla
618 846 759 902 umquam
772 826 967 887 adserebatur.
1194 856 1204 893 5

205 989 337 1045 Ferrea
358 996 430 1044 tum
451 1005 537 1045 vero
558 987 680 1062 proles
702 997 829 1046 exorta
848 998 1003 1064 repente
1025 999 1081 1048 est

205 1087 373 1159 Ansaque
396 1085 581 1142 funestum
604 1085 719 1159 prima
740 1095 795 1143 est
814 1085 1038 1144 fabricarier
1059 1105 1178 1145 ensem

206 1183 249 1240 Et
278 1191 425 1256 gustare
455 1176 560 1238 manu
588 1181 751 1239 vinctum
773 1180 1029 1257 domitumque
1055 1184 1177 1242 iuven-

930 1296 1027 1339 cum.

123 1424 218 1481 Tanta
240 1421 395 1496 putabatur
418 1420 523 1477 utilitas
546 1420 658 1495 percipi
681 1437 698 1478 e
721 1420 826 1490 bubus,
847 1429 880 1478 ut
900 1438 1005 1479 eorum
1022 1423 1178 1481 visceribus
1191 1447 1213 1473 ιο

81 1521 202 1583 64νεεοί
241 1519 336 1576 scelus
375 1517 536 1575 haberetur.
601 1517 737 1592 Longum
778 1526 822 1575 est
859 1518 1006 1575 mulorum
1046 1519 1179 1595 persequi

125 1618 260 1674 utilitates
284 1625 313 1672 et
336 1615 492 1685 asinorum,
516 1632 591 1688 quae
614 1624 693 1671 certe
717 1613 756 1671 ad
778 1614 931 1672 hominum
953 1633 1042 1673 usum
1064 1626 1179 1691 paratae

80 1723 200 1772 rsosunt.
244 1714 297 1771 Sus
322 1729 391 1769 vero
417 1711 488 1785 quid
514 1711 601 1768 habet
625 1721 741 1785 praeter
764 1711 885 1769 escam?
912 1711 961 1768 cui
986 1713 1119 1787 quidem,
1143 1732 1179 1771 ne

125 1818 300 1886 putesceret,
312 1809 439 1865 animam
455 1808 548 1882 ipsam
563 1826 616 1883 pro
632 1808 691 1865 sale
706 1807 805 1865 datam
818 1807 890 1865 dicit
904 1826 967 1866 esse
980 1808 1179 1886 Chrysippus;

126 1927 184 1982 qua
206 1905 331 1981 pecude,
356 1904 437 1980 quod
463 1913 523 1961 erat
547 1903 586 1961 ad
609 1904 789 1962 vescendum
814 1904 982 1963 hominibus
1009 1916 1088 1982 apta,
1111 1908 1214 1966 nihile

126 2005 225 2080 genuit
254 2013 356 2060 natura
383 2002 548 2059 fecundius.
595 2000 675 2075 Quid
704 2000 920 2059 multitudinem
949 2004 1179 2080 suavitatemque

126 2102 250 2176 piscium
266 2100 384 2157 dicam?
406 2098 477 2173 quid
492 2099 609 2155 avium?
630 2099 786 2173 exquibus
804 2108 885 2156 tauta
905 2100 1066 2176 percipitur
1080 2102 1180 2177 volup-

127 2210 178 2269 tas,
190 2209 222 2255 ut
237 2197 382 2255 interdurn
396 2199 527 2253 Pronoea
541 2204 640 2252 nostra
652 2196 798 2270 Epicurea
811 2196 898 2253 fuisse
909 2196 1052 2256 videatur.
1085 2201 1180 2274 Atque

127 2314 178 2353 eae
194 2315 231 2352 ne
247 2304 419 2369 caperentur
434 2292 554 2367 quidem
569 2293 624 2349 nisi
640 2293 793 2350 hominurn
804 2293 916 2350 ratione
931 2303 1020 2369 atque
1035 2295 1162 2354 sollertia
1171 2317 1180 2369 ;

128 2413 305 2468 quamquam
321 2393 380 2449 avis
395 2390 546 2466 quasdam,
563 2400 592 2446 et
608 2390 688 2447 alites
706 2399 735 2447 et
753 2390 877 2462 oscines,
892 2399 925 2448 ut
945 2392 1037 2449 nostri
1058 2412 1181 2468 augures
1194 2416 1217 2442 20

83 2507 119 2548 ror
128 2492 282 2566 appellant,
297 2509 392 2547 rerum
408 2487 640 2563 augurandarum
655 2507 744 2545 causa
759 2506 821 2544 esse
837 2497 919 2546 natas
933 2474 1088 2564 putamus*
1118 2492 1181 2549 Iam

127 2608 196 2646 vero
212 2590 352 2645 immanes
369 2598 397 2644 et
412 2587 485 2643 feras
500 2586 599 2643 beluas
614 2586 810 2642 nanciscimur
823 2585 970 2657 venando,
985 2596 1018 2644 ut
1037 2597 1068 2644 et
1082 2607 1180 2646 vesca·

128 2705 192 2742 mur
216 2687 248 2742 iis
274 2694 302 2740 et
328 2701 515 2740 exerceamur
539 2684 569 2740 in
592 2682 728 2739 venando
753 2681 791 2739 ad
815 2682 1035 2741 similitudinem
1061 2685 1181 2742 bellicae

128 2784 298 2856 disciplinae
321 2791 350 2837 et
372 2791 487 2836 utamur
509 2780 626 2837 domitis
649 2791 677 2837 et
702 2779 933 2851 condocesactis,
956 2791 988 2838 ut
1010 2782 1181 2856 elephantis

129 2882 275 2952 multaque
300 2897 335 2934 ex
359 2896 458 2933 earum
482 2878 651 2952 corporibus
676 2877 806 2935 remedia
830 2878 939 2935 morbis
965 2887 994 2934 et
1016 2879 1182 2938 vulneribus
1195 2900 1216 2935 25

129 2979 276 3051 eligamus,
293 2976 367 3031 sicut
386 2992 422 3029 ex
444 2974 619 3047 quibusdam
642 2976 776 3049 stirpibus
798 2984 828 3031 et
849 2974 954 3046 herbiS,
970 2993 1093 3049 quarum
1108 2978 1181 3034 utili·

128 3084 201 3130 tates
223 3071 373 3145 longinqui
394 3072 533 3145 temporis
549 3091 601 3129 usu
617 3082 646 3128 et
661 3073 871 3147 periclitatione
886 3073 1081 3147 percepimus
1123 3076 1181 3131 To-

128 3180 187 3227 tam
216 3171 283 3226 licet
311 3169 414 3225 animis
442 3177 591 3244 tamquam
620 3170 711 3226 oculis
739 3170 858 3227 lustrare
893 3178 998 3227 terram
1033 3172 1182 3246 mariaque

129 3269 227 3341 onmia
238 3287 245 3337 3
275 3284 377 3323 cernes
399 3266 456 3322 iam
479 3268 571 3340 spatia
591 3266 725 3342 frugifera
746 3277 834 3341 atque
856 3267 988 3324 inmensa
1010 3285 1182 3343 camporum

128 3365 304 3437 vestitusque
321 3362 509 3421 densissimos
524 3364 678 3436 montium,
694 3364 845 3440 pecudum
859 3373 967 3439 pastus,
979 3375 1042 3421 tum
1057 3365 1181 3423 incredi-
1194 3389 1217 3426 30

88 3464 177 3525 mabill
201 3479 300 3518 cursus
324 3461 483 3518 maritimos
507 3462 663 3520 celeritate.
707 3463 773 3519 Nec
792 3481 862 3520 vero
885 3481 972 3536 supra
992 3471 1108 3533 terram,
1130 3461 1183 3519 sed

130 3562 217 3618 etiam
239 3560 268 3615 in
290 3558 407 3614 intumis
430 3559 491 3615 eius
514 3559 641 3615 tenebris
662 3559 850 3633 plurimarum
871 3578 967 3616 rerum
982 3559 1051 3617 latet
1065 3560 1181 3630 utilitas,

130 3678 205 3733 quae
221 3657 259 3714 ad
274 3674 358 3712 usum
374 3654 525 3711 hominum
541 3664 604 3712 orta
618 3655 655 3711 ab
670 3655 838 3713 hominibus
854 3657 921 3714 solis
936 3657 1089 3715 invenitur.

87 3762 122 3817 65
172 3754 248 3814 Illud
262 3771 340 3824 vero,
356 3749 437 3827 quod
451 3760 573 3825 uterque
588 3759 716 3807 vestrum
730 3749 847 3825 arripiet
864 3753 983 3810 fortasse
1005 3753 1044 3811 ad
1065 3772 1182 3831 repren-
