2446 4102
312 271 378 320 Lnr.
396 271 417 319 1.
451 271 702 320 cmxix-xant.
738 272 905 334 §§114-120.
1092 259 1134 337 67

78 425 169 497 tione,
193 424 275 499 quod
299 424 412 498 gloriari
437 425 542 494 soletis,
565 425 648 481 sacile
677 434 721 482 est
748 426 869 496 liberari,
893 445 960 483 cum
989 428 1134 485 sustuleris

79 540 200 580 omnem
215 523 273 578 vim
289 521 432 593 deorum;
454 522 508 578 nisi
529 522 601 578 forte
624 522 781 597 Diagoram
805 532 854 579 aut
867 523 1068 594 Theodorum,
1084 527 1133 599 qui

79 619 202 676 omnino
217 617 290 676 deos
305 636 368 675 esse
383 618 538 692 negabant,
554 636 656 675 censes
674 620 887 693 superstitiosos
909 638 972 676 esse
994 622 1132 694 potuisse.

78 718 198 792 Egone
214 718 400 790 Protagoram
415 714 545 789 quidem,
561 716 608 772 cui
622 725 757 773 neutrum
773 717 893 787 licuerit,
910 736 965 774 nec
982 736 1045 775 esse
1061 719 1132 776 deos

44 836 55 872 s
76 831 135 871 nec
150 832 212 871 non
227 831 300 871 esse.
343 815 460 870 Horum
475 813 553 869 enim
568 814 729 870 sententiae
745 814 876 870 omnium
899 833 959 872 non
979 816 1070 873 modo
1086 837 1131 874 su-

77 910 281 986 perstitionem
295 910 407 981 tollunt,
419 911 448 966 in
463 928 521 984 qua
535 910 610 966 inest
624 910 710 967 timor
725 911 817 968 inanis
833 910 964 983 deorum,
977 913 1029 970 sed
1045 916 1131 971 etiam

76 1008 259 1082 religionem,
282 1026 357 1082 quae
380 1007 502 1064 deorum
526 1007 604 1064 cultu
627 1008 677 1082 pio
701 1009 873 1066 continetur.
918 1011 1018 1082 Quid?
1040 1013 1066 1082 ii,
1083 1015 1176 1086 quius

76 1104 214 1162 dixerunt
235 1114 328 1162 totam
346 1104 384 1162 de
406 1104 450 1162 dis
471 1105 670 1162 inmortalibus
692 1106 862 1178 opinionem
886 1107 984 1164 fictam
1009 1127 1072 1166 esse
1095 1111 1132 1167 ab

76 1202 245 1259 hominibus
270 1184 449 1276 sapientibus
473 1201 515 1258 rei
540 1201 673 1276 publicae
699 1221 795 1274 causa,
817 1214 857 1275 ut,
880 1223 953 1278 quos
976 1207 1048 1263 ratio
1071 1227 1131 1265 non

38 1325 63 1350 10
76 1310 187 1375 posset,
203 1317 255 1357 eos
277 1299 315 1356 ad
336 1299 466 1356 officium
486 1299 586 1373 religio
611 1298 741 1371 duceret,
756 1320 854 1358 nonne
880 1321 999 1360 omnem
1019 1305 1129 1378 religio-

75 1415 146 1454 nem
167 1397 298 1454 funditus
320 1396 515 1454 sustulerunt?
558 1397 659 1470 Quid?
681 1398 820 1457 Prodicus
837 1401 915 1470 Cius,
932 1403 981 1475 qui
996 1420 1039 1472 ea,
1055 1422 1129 1477 quae

75 1494 252 1570 prodessent
266 1494 419 1551 hominum
434 1496 517 1566 vitae,
534 1495 657 1553 deorum
672 1498 702 1553 in
717 1515 838 1554 numero
853 1498 950 1555 habita
971 1518 1034 1556 esse
1050 1501 1128 1571 dixit,

75 1612 165 1667 quam
190 1591 313 1649 tandem
337 1593 505 1666 religionem
531 1595 665 1668 reliquit?
708 1595 809 1668 Quid?
833 1596 883 1670 qui
906 1607 953 1652 aut
979 1598 1056 1654 fortis
1082 1607 1174 1654 aut119

75 1691 169 1748 claros
197 1701 247 1748 aut
275 1691 402 1765 potentis
427 1693 502 1748 viros
527 1692 644 1750 tradunt
669 1705 736 1769 post
762 1704 885 1750 mortem
910 1694 947 1750 ad
970 1694 1042 1751 deos
1065 1714 1128 1769 per-

36 1818 60 1854 15
73 1791 198 1860 venisse,
215 1807 324 1863 eosque
340 1808 403 1847 esse
423 1791 510 1865 ipsos,
526 1808 600 1864 quos
621 1810 674 1848 nos
697 1793 802 1862 colere,
817 1793 928 1866 precari
942 1794 1128 1866 venerarique

74 1888 231 1958 soleamus,
247 1905 346 1944 nonne
366 1897 498 1962 expertes
520 1898 585 1944 sunt
599 1888 770 1962 religionum
785 1890 938 1946 omnium?
958 1909 1033 1963 quae
1056 1892 1128 1948 ratio

74 1986 203 2043 maxime
218 1995 340 2041 tractata
354 1985 391 2043 ab
407 1985 575 2042 Euhemero
593 1995 645 2055 est,
661 2004 749 2059 quem
770 1996 869 2043 noster
883 1998 912 2043 et
927 1988 1128 2062 interpretatus

74 2095 103 2141 et
118 2093 238 2141 secutus
254 2093 297 2140 est
312 2093 426 2158 praeter
440 2094 553 2140 ceteros
569 2084 690 2140 Ennius,
732 2083 779 2140 Ab
795 2084 961 2141 Euhemero
982 2095 1079 2142 autem
1101 2096 1130 2143 et

73 2193 183 2239 mortes
202 2190 233 2238 et
249 2182 412 2256 sepulturae
427 2180 662 2237 demonstrantur
676 2179 807 2237 deorum.
850 2182 955 2239 Utrum
977 2183 1061 2255 igitur
1083 2183 1129 2239 hic

33 2280 265 2359 wconfirmasse
289 2278 402 2335 videtur
429 2277 599 2351 religionem
627 2296 664 2333 an
692 2279 807 2352 penitus
835 2287 927 2335 totam
962 2281 1131 2338 sustulisse?

72 2377 189 2437 Omitto
212 2376 380 2433 Eleusinem
401 2385 531 2432 sanctam
553 2375 631 2431 illam
653 2384 682 2432 et
703 2385 863 2449 augustam,

206 2501 278 2560 Ubi
299 2501 494 2557 initiantur
514 2501 643 2574 gentes
665 2518 807 2556 orarum
829 2499 997 2572 ultimae,

69 2636 227 2704 praetereo
242 2624 469 2682 Samothraciam
485 2641 586 2697 eaque,
603 2642 677 2697 quae
694 2624 799 2680 Lemni

207 2751 400 2806 Nocturno
422 2749 524 2806 aditu
546 2749 694 2806 occultat
716 2750 902 2821 coluntur,

32 2880 56 2918 ις
207 2864 210 2871 ’
246 2847 486 2906 Silvestribus
509 2848 682 2921 saepibus
704 2846 831 2905 densa.

71 2973 189 3048 Quibus
204 2972 354 3046 explicatis
369 2971 407 3028 ad
421 2972 622 3045 rationemque
637 2972 778 3028 revocatis
796 2991 892 3029 rerum
914 2975 1004 3047 magis
1027 2985 1128 3031 natura

70 3071 261 3146 cognoscitur
275 3088 363 3143 quam
379 3069 509 3126 deorum.

112 3168 189 3225 Mihi
206 3166 326 3241 quidem
342 3167 429 3223 etiam
451 3168 647 3237 Democritus,
663 3168 704 3223 vir
726 3187 847 3240 magnus
870 3169 900 3224 in
921 3169 1028 3242 primis,
1045 3171 1125 3226 cuius
1139 3165 1176 3219 43

70 3265 201 3323 fontibus
218 3265 361 3338 Epicurus
379 3265 508 3321 hortulos
530 3283 597 3322 suos
619 3265 758 3338 inrigavit,
775 3275 875 3321 nutare
890 3265 1004 3322 videtur
1025 3267 1054 3322 in
1076 3286 1125 3322 na-
1140 3245 1176 3282 1²⁰

35 3393 59 3430 30
71 3371 135 3419 tura
150 3361 283 3420 deorum.
324 3363 401 3418 Tum
424 3363 502 3418 enim
525 3373 625 3419 censet
648 3363 787 3436 imagines
811 3362 959 3419 divinitate
979 3364 1124 3437 praeditas

71 3459 166 3516 inesse
181 3459 212 3516 in
226 3459 409 3515 universitate
431 3477 535 3529 rerum,
552 3470 612 3516 tum
634 3460 777 3534 principia
792 3461 905 3529 mentis,
922 3479 996 3533 quae
1019 3462 1074 3517 sint
1097 3462 1125 3517 in

72 3555 180 3614 eodem
194 3557 338 3627 univers0,
355 3555 427 3613 deos
443 3574 505 3612 esse
521 3556 600 3627 dicit,
617 3567 678 3613 tum
702 3558 863 3613 animantes
887 3558 1034 3630 imagines,
1051 3577 1125 3631 quae

71 3654 116 3711 vel
139 3652 280 3728 prodesse
303 3653 387 3710 nobis
412 3653 524 3710 soleant
547 3654 593 3710 vel
617 3672 733 3723 nocere,
749 3663 810 3709 tum
835 3654 959 3727 ingentis
984 3655 1125 3728 quasdam

72 3750 214 3826 imagines
240 3759 403 3824 tantasque,
424 3759 457 3806 ut
477 3750 643 3807 universum
666 3749 809 3805 mundum
832 3752 1053 3825 conplectantur
1076 3771 1124 3809 ex-
