2446 4102
129 258 190 321 124
452 255 502 305 DE
523 255 669 306 NATURA
689 255 851 307 DEORUM.

124 411 259 469 ossibus?
279 428 355 485 quae
370 411 500 469 subiecta
514 410 630 485 corpori
644 410 788 470 mirabiles
803 411 1011 471 commissuras
1028 411 1138 474 habent
1151 423 1180 473 et

124 507 163 566 ad
177 508 360 566 stabilitatem
375 516 457 582 aptas
472 516 502 565 et
515 506 554 564 ad
568 516 645 565 artus
658 507 805 567 finiendos
825 508 1072 569 adcommodatas
1092 520 1122 570 et
1141 510 1179 571 ad

125 616 238 664 motum
254 615 283 662 et
298 603 336 662 ad
350 623 470 663 omnem
492 605 622 679 corporis
643 606 800 664 actionem.
842 608 914 665 Huc
935 606 1014 666 adde
1035 627 1180 681 nervos‚a

125 706 229 780 quibus
243 713 320 761 artus
336 704 531 774 continentur,
547 721 707 778 eorumque
730 705 950 780 inplicationem
972 724 1097 782 corpore
1117 717 1179 767 toto

125 803 329 878 pertinentem,
345 800 394 875 qui
414 800 488 857 sieut
502 818 594 858 venae
616 810 646 859 et
666 803 786 860 arteriae
807 821 826 860 a
846 801 937 860 corde
957 805 1042 861 tracti
1064 814 1094 863 et
1114 823 1208 880 pro-s

127 900 194 956 fecti
210 899 238 955 in
254 915 359 972 corpus
375 915 463 954 omne
479 896 633 955 ducuntur.
675 898 723 956 Ad
742 900 819 956 hauc
832 898 1048 974 providentiam
1062 912 1180 960 naturae

124 1005 184 1054 tam
200 995 370 1070 diligentem
386 1003 505 1068 tamque
527 995 672 1052 sollertem
693 994 813 1071 adiungi
834 997 926 1054 multa
938 1007 1071 1072 possunt,
1086 1017 1103 1056 e
1118 1000 1179 1074 qui·

124 1094 178 1152 bus
200 1093 388 1166 intellegatur,
405 1100 530 1166 quantae
552 1109 597 1149 res
619 1091 786 1150 hominibus
812 1090 846 1170 [a
867 1092 928 1172 dis]
952 1112 1100 1170 quamque
1121 1097 1179 1154 exi-

126 1191 201 1247 miae
216 1191 338 1248 tributae
353 1189 419 1246 sint.
462 1188 547 1261 Quae
562 1188 687 1263 primum
707 1208 758 1248 eos
780 1190 871 1249 humo
886 1192 1028 1250 excitatos
1043 1193 1137 1251 celsos
1151 1204 1180 1252 et

125 1299 238 1346 erectos
267 1287 424 1356 constituit,
447 1295 478 1343 ut
506 1285 629 1343 deorum
657 1287 854 1362 cognitionem
881 1289 997 1347 caelum
1032 1290 1180 1348 intuentes
1194 1319 1215 1347 to

125 1403 230 1460 capere
249 1395 378 1460 possent.
421 1384 493 1442 Sunt
514 1384 592 1440 enim
614 1402 651 1441 ex
671 1394 747 1443 terra
767 1385 901 1444 homines
922 1404 985 1444 non
1008 1396 1041 1444 ut
1066 1387 1180 1447 incolae

125 1495 212 1558 atque
228 1483 411 1552 habitatores,
427 1480 480 1538 sed
495 1481 577 1556 quasi
599 1491 777 1556 spectatores
799 1500 968 1558 superarum
981 1502 1081 1544 rerum
1094 1495 1180 1561 atque

125 1581 303 1650 caelestium,
319 1598 441 1654 quarum
456 1579 656 1653 spectaculum
671 1578 709 1636 ad
724 1579 833 1638 nullum
849 1579 927 1638 aliud
941 1598 1035 1656 genus
1050 1583 1180 1642 animan·

125 1680 197 1737 tium
222 1679 356 1752 pertinet.
398 1677 505 1734 Sensus
530 1687 628 1733 autem
653 1677 824 1751 interpretes
852 1696 887 1735 ac
911 1679 1007 1736 nuntii
1030 1697 1128 1738 rerum
1152 1681 1181 1739 in

125 1777 221 1851 capite
236 1785 386 1850 tamquam
400 1775 429 1832 in
444 1792 510 1832 arce
524 1774 645 1832 mirifice
665 1772 704 1831 ad
724 1793 793 1832 usus
813 1777 995 1835 necessarios
1013 1786 1043 1835 et
1064 1778 1133 1836 facti
1153 1788 1182 1837 et
1193 1800 1213 1841 ιε

126 1857 272 1932 conlocati
294 1882 369 1930 sunt.
413 1873 491 1930 Nam
514 1872 592 1930 oculi
615 1881 766 1948 tamquam
789 1875 987 1949 speculatores
1010 1876 1181 1935 altissimum

125 1973 225 2030 locum
249 1971 391 2041 obtinent,
414 1987 450 2027 ex
475 1987 534 2045 quo
558 1970 681 2044 plurima
706 1971 922 2046 conspicientes
946 1973 1106 2048 iungantur
1129 1993 1181 2033 suo

82 2085 119 2127 141
127 2086 247 2126 munere
259 2089 267 2140 ;
290 2076 319 2125 et
340 2086 432 2138 aures,
454 2085 523 2124 cum
545 2086 651 2126 sonum
672 2069 823 2144 percipere
846 2068 983 2141 debeant,
1006 2071 1056 2146 qui
1082 2082 1182 2130 natura

132 2165 194 2244 [in]
213 2167 335 2224 sublime
349 2165 445 2236 fertur,
461 2174 539 2222 recte
561 2166 591 2223 in
612 2166 675 2223 altis
697 2185 853 2240 corporum
874 2168 1003 2242 partibus
1022 2170 1182 2228 collocatae

128 2275 213 2336 sunt,
235 2264 362 2338 itemque
377 2280 461 2319 nares
475 2271 513 2331 et,
526 2261 607 2336 quod
621 2263 716 2320 omnis
731 2263 806 2321 odor
819 2263 857 2320 ad
872 2282 976 2339 supera
989 2265 1088 2338 sertur,
1103 2277 1182 2324 recte
1193 2289 1215 2316 w

129 2380 240 2420 sursum
263 2370 381 2430 suntet,
397 2359 478 2434 quod
494 2359 550 2416 cibi
566 2369 595 2417 et
609 2361 736 2434 potionis
759 2360 900 2418 iudicium
921 2379 1061 2437 magnum
1083 2381 1182 2422 earum

129 2469 181 2529 est,
197 2478 256 2516 non
273 2459 334 2516 sine
350 2476 437 2515 causa
450 2457 628 2514 vicinitatem
642 2458 698 2515 oris
713 2469 830 2516 secutae
845 2468 920 2516 sunt.
963 2460 1028 2517 Iam
1042 2471 1181 2536 gustatus,

129 2557 179 2631 qui
194 2557 299 2613 sentire
316 2574 426 2625 eorum,
443 2555 546 2629 quibus
562 2555 713 2626 vescimur,
728 2573 836 2631 genera
850 2555 948 2627 debet,
964 2556 1076 2616 habitat
1097 2559 1128 2616 in
1149 2577 1184 2617 ea

129 2664 210 2729 parte
236 2654 301 2723 oris,
324 2671 381 2727 qua
406 2653 559 2710 esculentis
585 2662 614 2710 et
636 2653 793 2728 potulentis
822 2654 876 2711 iter
902 2663 1006 2711 natura
1033 2656 1182 2730 patefecit.

129 2754 238 2810 Tactus
253 2759 350 2807 autem
364 2758 427 2806 toto
443 2767 564 2824 corpore
580 2751 767 2825 aequabiliter
780 2751 859 2808 fusus
874 2759 926 2822 est,
941 2760 974 2809 ut
988 2769 1093 2810 omnes
1108 2753 1181 2812 ictus
1193 2779 1213 2818 ις

130 2866 291 2923 omnesque
306 2847 441 2904 minimos
457 2857 487 2904 et
500 2848 610 2922 frigoris
632 2859 661 2905 et
682 2849 784 2906 caloris
805 2848 943 2924 adpulsus
965 2850 1072 2907 sentire
1091 2852 1182 2926 possi·

130 2966 205 3005 mus.
247 2948 343 3019 Atque
358 2954 390 3002 ut
405 2945 434 3002 in
454 2944 593 3003 aedificiis
616 2946 767 3004 architecti
787 2956 921 3004 avertunt
940 2947 978 3006 ab
1001 2948 1095 3006 oculis
1109 2947 1182 3005 nari-

130 3045 243 3119 busque
259 3042 445 3100 dominorum
461 3061 504 3114 ea,
521 3061 595 3118 quae
610 3044 783 3119 profluentia
797 3044 963 3102 necessario
981 3044 1065 3103 taetri
1087 3054 1183 3106 essent

131 3140 240 3215 aliquid
256 3141 397 3213 habitura,
412 3141 453 3198 sic
468 3152 570 3199 natura
584 3160 629 3199 res
644 3143 742 3200 similis
757 3142 859 3218 procul
879 3141 1047 3200 amandavit
1061 3161 1079 3200 a
1093 3144 1182 3202 sensi·

88 3222 195 3328 ffibus.
239 3239 312 3312 Quis
326 3257 395 3296 vero
418 3240 515 3314 opisex
537 3249 650 3314 praeter
671 3251 812 3310 naturam,
828 3259 886 3315 qua
907 3239 979 3297 nihil
1000 3250 1099 3315 potest
1120 3259 1182 3299 esse
1194 3266 1216 3305 30

132 3335 272 3405 callidius,
288 3345 398 3392 tantam
414 3337 569 3394 sollertiam
584 3338 719 3412 persequi
733 3337 875 3412 potuisset
889 3338 919 3395 in
934 3338 1088 3396 sensibus?
1109 3357 1182 3414 quae

132 3433 257 3508 primum
274 3434 375 3490 oculos
391 3435 567 3492 membranis
588 3435 762 3492 tenuissimis
776 3435 890 3493 vestivit
912 3445 941 3493 et
964 3436 1071 3510 saepsit
1081 3457 1090 3509 ;
1113 3455 1183 3512 quas

133 3532 258 3607 primum
280 3531 444 3604 perlucidas
459 3532 535 3602 lecit,
551 3542 582 3589 ut
597 3550 648 3607 per
663 3549 711 3588 eas
733 3533 812 3589 cerni
833 3542 941 3607 posset,
957 3532 1055 3591 firmas
1076 3544 1181 3605 autem,

133 3640 165 3688 ut
180 3629 415 3700 continerentur5
437 3628 489 3685 sed
511 3629 636 3686 lubricos
652 3629 752 3684 oculos
768 3629 836 3685 fecit
852 3639 880 3686 et
895 3630 1026 3698 mobiles,
1042 3641 1074 3688 ut
1088 3642 1119 3689 et
1132 3632 1181 3690 de·

134 3728 283 3800 clinarent,
298 3726 321 3784 si
336 3723 406 3801 quid
427 3733 556 3796 noceret,
572 3733 601 3781 et
621 3733 782 3799 aspectum,
798 3743 857 3800 quo
876 3727 991 3799 vellent,
1007 3727 1091 3786 facile
1113 3747 1181 3787 cou—
1194 3747 1214 3788 3⁵

81 874 119 929 to

81 941 118 981 rio
