2446 4102
123 277 182 340 162
446 288 495 337 nn
516 288 662 339 NATURA
684 288 844 343 nnonum

118 463 226 516 sumus,
248 443 352 520 quibus
372 461 423 500 vos
445 450 566 517 optume
589 441 755 500 consultum
776 460 794 500 a
814 441 860 500 dis
881 441 1084 501 inmortalrbus
1098 441 1169 502 dici-

118 542 162 600 tis.
206 541 283 599 Nam
298 549 330 597 ut
343 538 414 596 nihil
435 539 562 610 interest,
577 547 674 596 utrum
694 557 783 597 nemo
797 539 900 611 valeat,
915 557 953 597 an
974 557 1066 597 nemo
1080 540 1171 616 possit

117 639 221 709 valere,
236 637 278 694 sic
295 654 355 694 non
374 635 520 710 intellego,
536 634 608 710 quid
621 636 742 707 intersit,
757 644 854 693 utrum
875 653 965 694 nemo
986 636 1024 694 sit
1044 637 1169 712 sapiens

118 754 156 794 an
170 753 258 792 nemo
273 751 337 791 esse
352 733 451 808 possit.
495 734 540 789 Ac
561 750 615 789 nos
636 731 758 807 quidem
780 732 866 790 nimis
884 733 975 789 multa
988 732 1028 790 de
1042 751 1073 791 re
1088 751 1169 809 aper·

117 833 245 890 tissuma.
287 830 410 887 Telamo
432 837 530 886 autem
552 846 611 887 uno
632 847 716 887 versu
737 828 838 886 locum
858 838 953 887 totum
975 830 1105 902 conficit,
1120 847 1197 896 curs

118 928 149 986 di
164 928 297 985 homines
311 925 483 1001 neglegant:
817 916 820 921 ’

158 1075 187 1133 N
195 1077 248 1132 tm
269 1073 298 1131 si
319 1080 463 1144 curent,
485 1072 577 1130 bene
599 1070 707 1130 bonis
729 1070 790 1144 sit,
812 1072 904 1130 male
925 1071 1030 1131 malis
1040 1092 1050 1146 3

773 1167 872 1244 quod
893 1170 990 1226 nnnc
1010 1169 1130 1229 abest.

118 1317 275 1376 Debebant
298 1316 337 1375 illi
361 1315 482 1393 quidem
510 1315 606 1374 omnis
635 1315 730 1374 bonos
758 1313 883 1387 efficere,
905 1313 1052 1390 siquidem
1077 1314 1169 1374 homi·

79 1425 189 1472 sunum
213 1413 313 1489 generi
340 1413 541 1471 consulebant.
584 1412 632 1471 Sin
658 1410 690 1470 id
713 1412 818 1483 minus,
836 1410 921 1470 bonis
946 1410 1069 1486 quidem
1092 1421 1169 1471 certe
1182 1438 1203 1465 ιο

118 1511 269 1569 consulere
292 1509 449 1569 debebant.
492 1509 552 1568 Cur
572 1509 658 1584 igitur
681 1507 742 1567 duo
767 1508 928 1584 Scipiones,
949 1507 1122 1568 fortissimos
1142 1517 1171 1568 et

118 1608 245 1684 optimos
270 1607 354 1679 viros,
380 1607 410 1664 in
436 1606 582 1681 Hispania
609 1607 726 1663 Poenus
750 1604 915 1681 oppressit?
945 1623 998 1664 cur
1024 1607 1170 1665 Maximus

118 1706 220 1763 extulit
233 1705 323 1762 filium
343 1704 547 1762 consularem?
568 1721 619 1760 cur
640 1703 813 1761 Marcellum
836 1701 986 1760 Hannibal
1005 1703 1172 1762 interemit?

118 1820 170 1860 cur
198 1801 319 1859 Paulum
348 1801 468 1860 Cannae
500 1799 695 1859 sustulerunt?
729 1817 781 1856 cur
814 1800 980 1857 Poenorum
1007 1798 1171 1859 crudelitati

119 1900 224 1974 Reguli
239 1916 345 1973 corpus
360 1908 404 1956 est
420 1898 604 1974 praebitum?
626 1915 677 1954 cur
691 1897 860 1955 Africanum
875 1896 1032 1956 domestici
1046 1899 1170 1974 parietes
1184 1924 1204 1965 ις

118 2015 179 2054 non
202 1997 357 2054 texerunt?
397 1995 455 2054 Sed
480 1995 554 2053 haec
578 2005 675 2052 vetera
700 2004 730 2052 et
756 1993 812 2052 alia
839 1995 1002 2070 permulta;
1033 1996 1171 2073 propiora

118 2093 277 2151 videamus
321 2093 380 2152 Cur
401 2092 559 2150 avunculus
581 2110 673 2162 meus,
688 2092 731 2149 vir
751 2092 1017 2151 innocentissumus
1032 2091 1170 2169 idemque

119 2189 323 2261 doctissumus,
340 2191 372 2247 P.
388 2190 522 2261 Rutilius,
534 2188 565 2246 in
586 2189 672 2246 exilio
695 2190 759 2247 est?
779 2207 831 2247 cur
852 2188 960 2247 sodalis
980 2207 1064 2248 meus
1085 2191 1170 2249 inter·

118 2286 210 2345 fectus
239 2286 320 2344 domi
348 2303 426 2356 suae,
456 2287 588 2343 Drusus?
623 2305 674 2343 cur
702 2286 911 2362 temperantiae
939 2285 1171 2364 prudentiaeque

119 2384 270 2460 specimen
295 2393 362 2441 ante
391 2382 576 2440 simulacrum
600 2383 706 2441 Vestae
735 2384 867 2459 pontifex
895 2383 1039 2442 maximus
1065 2394 1110 2443 est
1134 2384 1205 2460 Q.»

119 2481 259 2540 Scaevola
282 2479 462 2537 trucidatus?
493 2497 544 2536 cur
571 2489 638 2536 ante
665 2480 753 2537 etiam
776 2489 820 2538 tot
845 2480 968 2538 civitatis
992 2480 1172 2556 principesa

120 2578 215 2638 Cinna
235 2578 421 2651 interempti?
442 2595 493 2634 cur
514 2577 645 2634 omnium
667 2576 930 2652 perfidiosissimus
947 2577 982 2636 C.
997 2578 1119 2649 Marius
1134 2578 1170 2654 Q.

120 2675 264 2745 Catulum,
279 2674 534 2748 praestantissuma
555 2673 696 2749 dignitate
717 2675 818 2745 virum,
839 2674 913 2731 mori
934 2674 1031 2749 potuit
1051 2675 1173 2734 iubere?

81 2781 104 2822 81
120 2772 192 2830 Dies
213 2771 339 2842 deficiat,
361 2771 386 2828 si
406 2771 492 2827 velim
514 2787 674 2841 numerare,
698 2771 802 2845 quibus
830 2771 915 2829 bonis
936 2771 1012 2829 male
1035 2771 1170 2843 evenerit,

119 2886 175 2925 nec
202 2868 307 2938 minus,
329 2868 352 2925 si
380 2884 620 2937 commemorem,
646 2867 751 2942 quibus
776 2867 916 2943 improbis
941 2867 1064 2944 optime.
1114 2868 1172 2929 Cur
1183 2891 1204 2930 ns

119 2966 198 3023 enim
214 2966 321 3022 Marius
336 2974 395 3021 tarn
410 2963 531 3021 feliciter
545 2963 702 3039 septimum
724 2963 826 3021 consul
844 2964 926 3022 domi
940 2982 1010 3022 suae
1025 2983 1118 3024 senex
1130 2973 1173 3024 est

118 3065 270 3120 mortuus?
291 3080 342 3118 cur
363 3061 493 3118 omnium
516 3059 732 3119 crudelissimus
754 3070 814 3118 tarn
835 3060 886 3119 diu
907 3060 1004 3119 Cinna
1024 3062 1173 3137 regnavit?

76 3161 159 3220 33At
183 3157 265 3216 dedit
289 3176 409 3233 poenas.
454 3157 603 3215 Prohiberi
631 3156 733 3215 melius
758 3157 811 3215 suit
838 3157 1043 3233 impedirique,
1067 3177 1107 3218 ne
1130 3168 1173 3219 tot

120 3273 249 3312 summos
263 3255 339 3312 viros
360 3254 543 3324 interficeret,
559 3272 647 3328 quarn
668 3254 765 3329 ipsum
787 3254 944 3329 aliquando
964 3271 1079 3330 poenas
1093 3255 1172 3315 dare.

120 3352 239 3411 Summo
263 3352 391 3409 cruciatu
421 3351 623 3426 supplicioque
646 3351 684 3425 Q.
705 3351 816 3422 Varius,
841 3351 931 3410 homo
952 3351 1208 3428 importunissu-ao

119 3468 194 3518 mus,
212 3449 315 3523 periit3
337 3448 369 3519 si,
385 3448 454 3522 quia
469 3449 597 3505 Drusum
612 3449 696 3520 ferro,
712 3448 866 3507 Metellum
879 3466 997 3508 veneno
1012 3450 1172 3522 sustulerat,

118 3546 182 3604 illos
198 3545 362 3604 conservari
383 3545 485 3602 melius
507 3545 560 3602 suit
581 3563 669 3620 quarn
690 3563 801 3621 poenas
822 3545 938 3604 sceleris
959 3547 1081 3606 Varium
1101 3565 1172 3625 pen·

120 3642 198 3702 dere.
242 3640 543 3717 Duodequadraginta
566 3659 659 3700 annos
686 3642 843 3717 Dionysius
864 3650 1003 3717 tyrannus
1025 3645 1081 3704 suit
1101 3662 1171 3722 opu·

82 3757 107 3799 aa
119 3740 305 3798 lentissumae
328 3749 357 3797 et
377 3738 571 3797 beatissumae
593 3737 715 3796 civitatis
725 3758 735 3813 3
763 3756 852 3816 quam
874 3739 982 3798 multos
1003 3751 1073 3801 ante
1094 3741 1172 3809 hunc
