2446 4102
312 296 376 345 Lm.
394 296 444 346 111.
477 296 538 347 cn.
553 299 649 359 xxm,
661 299 770 348 xxvn.
807 299 938 365 §sm-aa
1094 299 1153 366 157

98 460 210 524 quanto
232 468 353 508 munere
375 450 498 510 deorum
520 453 609 512 simus
630 453 759 512 adfecti?
800 458 896 530 Atque
919 455 1025 513 eadem
1043 455 1154 514 Medea

97 556 212 622 patrem
226 548 406 624 patriamque
421 550 552 624 fugiens:

742 630 937 708 postquam
959 642 1062 708 pater

180 705 464 802 adpropinquat
488 728 632 804 iamque
660 747 777 805 paene
803 740 839 788 ut
868 731 1151 806 conprehenda-

64 846 76 884 ⁵
783 831 840 884 trir
860 840 979 902 parat,

180 921 331 978 Paetum
359 923 501 981 interea
528 924 726 983 obtruncat
753 927 986 1000 membraque
1015 927 1150 984 articu-

784 1023 883 1080 latim
905 1024 1039 1081 dividit

180 1117 320 1191 Perque
349 1135 454 1193 agros
481 1122 617 1193 passim
645 1118 830 1194 dispergit
858 1124 1011 1196 corpus3
1048 1120 1083 1178 id
1112 1139 1152 1178 ea

782 1219 913 1291 gratia,

178 1291 240 1382 Ut,
263 1309 346 1369 dum
368 1313 444 1370 nati
467 1312 669 1389 dissipatos
693 1318 790 1372 artus
815 1317 982 1389 captaret
1004 1333 1150 1390 parens,

180 1389 266 1484 lpsa
289 1409 434 1468 interea
458 1412 649 1486 effugeret,
673 1412 774 1469 illum
798 1422 835 1470 ut
862 1415 1004 1470 maaror
1029 1414 1150 1472 tarda-

783 1511 837 1566 ret
858 1511 976 1583 sequi,

180 1603 255 1662 Sibi
278 1605 432 1662 salutern
456 1616 492 1662 ut
514 1606 689 1663 familiari
713 1611 859 1682 pareret
881 1607 1093 1682 parricidio.

97 1734 180 1792 Huic
195 1743 227 1791 ut
241 1734 344 1806 sceluS,
360 1736 401 1792 sic
416 1755 452 1795 ne
467 1738 539 1795 ratio
557 1737 677 1813 quidem
693 1738 793 1796 defuit.
838 1738 939 1812 Quid?
960 1739 1005 1795 ille
1024 1740 1151 1798 funestas
1164 1749 1189 1790 68

58 1854 82 1890 1⁵
97 1831 200 1906 epulas
223 1831 299 1889 fratri
323 1850 485 1908 conparans
509 1853 608 1892 nonne
631 1844 725 1894 versat
748 1836 805 1893 huc
829 1845 858 1893 et
880 1836 948 1892 illuc
973 1836 1151 1910 cogitatione

96 1929 262 1987 rationem?

181 2047 297 2104 Maibr
318 2047 405 2103 milri
427 2046 555 2116 moleS,
579 2047 692 2105 maius
715 2045 982 2104 miscendumst
1005 2048 1150 2117 malum,

155 2144 250 2217 ‘Qui
277 2144 377 2202 illius
405 2145 578 2202 acerbum
603 2147 665 2202 car
690 2142 916 2201 contundam
942 2153 975 2201 et
1001 2145 1149 2219 conpri-

863 2259 962 2298 marn.

56 2345 83 2371 ιο
97 2324 166 2381 Nec
180 2332 279 2381 tamen
294 2323 339 2380 ille
354 2323 417 2398 ipse
433 2333 476 2380 est
490 2321 728 2398 praetereundus,
1158 2326 1193 2382 at

180 2438 256 2511 Qui
284 2441 360 2496 ndn
390 2447 449 2495 sat
478 2437 604 2495 habuit
634 2436 828 2510 caniugem
856 2435 978 2492 inlexe
1007 2438 1041 2493 in
1070 2445 1149 2493 stu-

862 2549 978 2606 prum,

96 2616 136 2676 de
151 2634 212 2691 quo
226 2626 305 2674 recte
321 2625 350 2674 et
363 2615 520 2673 verissume
535 2614 661 2688 loquitur
675 2616 796 2670 Atreus:

181 2731 348 2807 ...quod
369 2749 405 2788 re
427 2731 462 2787 in
483 2733 618 2787 summa
639 2747 813 2786 summum
835 2744 915 2784 esse
938 2727 1096 2785 arbitror

55 2852 81 2890 τε
180 2830 375 2898 Periclum,
398 2838 530 2885 matres
552 2826 788 2900 coinquinari
809 2825 944 2898 ragias,

180 2926 433 2984 Contaminari
456 2928 608 2999 stirpem
631 2942 671 2980 ac
693 2924 841 2980 misceri
862 2940 986 2995 genus

95 3060 135 3115 At
149 3055 181 3115 id
196 3057 291 3132 ipsum
306 3075 394 3131 quarn
410 3054 523 3125 callide,
539 3054 589 3129 qui
603 3073 725 3128 regnum
741 3052 883 3110 adulterio
899 3063 1069 3127 quaereret:

178 3187 296 3258 Adde,
326 3186 427 3261 inquit,
456 3185 539 3257 hae,
569 3183 667 3259 quod
695 3183 782 3241 mihi
803 3185 979 3258 portanto
1008 3185 1148 3243 caeles·

860 3284 933 3337 tarn
956 3291 1060 3355 pater

179 3381 389 3457 Prodigium
410 3379 523 3451 misit,
546 3379 648 3454 regni
670 3379 883 3436 stabilimen
905 3378 987 3449 mei,

177 3482 316 3554 Agnum
338 3482 434 3536 inter
454 3477 618 3553 pecudes
640 3480 748 3533 aarea
769 3476 905 3533 clarum
926 3493 1030 3533 coma

178 3576 371 3653 Quondam
394 3576 594 3653 Thyestem
619 3575 767 3650 clepere
792 3592 917 3631 ausum
943 3591 1024 3630 esse
1053 3576 1069 3631 a
1094 3592 1148 3632 re-

860 3689 931 3744 81³,

178 3772 258 3849 Qua
278 3772 314 3834 in
334 3790 371 3832 re
391 3770 612 3833 adiutricem
634 3769 829 3844 coniugem
850 3769 952 3843 cepit
973 3766 1054 3827 sibi.
