2446 4102
127 268 188 333 160
452 282 500 331 nn
521 281 666 332 unauna
689 280 848 333 nnonun.

123 437 204 513 Quid
232 438 324 513 ergo?
352 437 397 495 isti
423 435 492 507 doli,
518 435 611 512 quid?
635 435 797 509 machinae,
819 435 913 512 quid?
936 436 1067 495 fallaciae
1095 456 1177 515 prae·

121 536 293 611 strigiaeque
318 553 389 592 num
411 534 473 591 sine
496 534 608 590 ratione
634 551 698 591 esse
722 535 902 608 potuerunt?
943 534 971 592 Ο
995 536 1178 610 praeclarum

121 651 227 690 munus
242 632 365 689 deorum
380 636 385 688 l
407 641 438 688 ut
454 630 592 688 Phormio
606 630 698 705 possit
713 629 830 688 dicere:

162 779 264 839 Cedo
292 796 437 849 senem;
472 778 541 834 iarn
569 777 748 834 instructa
774 785 857 834 sunt
885 777 932 834 rni
959 778 995 836 in
1023 777 1138 837 corde

780 874 939 932 consilia
960 876 1096 934 omnia.
1195 905 1206 946 ς

77 992 116 1098 ᾖ)
124 1023 181 1083 Sed
197 1041 333 1081 exeamus
348 1040 364 1079 e
381 1021 503 1091 theatro,
518 1020 669 1077 veniamus
684 1020 714 1077 in
729 1020 832 1078 forum.
875 1021 993 1080 Sessum
1012 1022 1034 1078 it
1052 1032 1175 1098 praetor.

122 1120 203 1195 Quid
224 1131 255 1177 ut
277 1119 440 1177 iudicetur?
483 1116 542 1190 Qui
556 1116 728 1175 tabularium
744 1116 916 1176 incenderit.
959 1118 1051 1191 Quod
1065 1120 1177 1179 facinus

121 1217 284 1275 occultius?
326 1216 362 1273 ld
377 1233 408 1272 se
424 1214 461 1288 Q.
474 1213 580 1284 Sosius,
596 1212 767 1287 splendidus
783 1231 874 1288 eques
889 1216 1041 1273 Romanus
1056 1234 1094 1273 ex
1108 1235 1176 1292 agro

122 1315 239 1384 Piceno,
256 1314 358 1370 secisse
378 1312 528 1368 confessus
547 1320 599 1367 est.
643 1310 701 1384 Qui
723 1311 948 1385 transscripserit
969 1312 1081 1370 tabulas
1103 1315 1176 1388 pub·

121 1412 198 1468 licas.
242 1409 278 1468 ld
289 1426 406 1484 quoque
424 1409 456 1465 L.
469 1408 578 1464 Alenus
593 1408 670 1478 secit,
683 1426 750 1465 cum
762 1407 987 1482 chirographum
1003 1427 1055 1466 sex
1068 1411 1176 1486 primo·
1191 1439 1213 1466 ιο

120 1524 184 1565 rum
199 1509 324 1565 inritatus
339 1515 391 1562 est.
430 1503 511 1578 Quid
527 1505 584 1561 hoc
600 1504 718 1561 homine
734 1505 895 1563 sollertius?
934 1506 1092 1581 Cognosce
1108 1509 1177 1567 alias

120 1606 314 1680 quaestiones,
336 1602 397 1660 auri
426 1602 589 1672 Tolossani,
612 1602 820 1659 coniurationis
846 1603 1034 1676 Iugurthinae
1045 1624 1054 1676 3
1075 1616 1176 1681 repete

121 1703 277 1777 superiora,
292 1700 397 1758 Tubuli
415 1698 453 1756 de
473 1698 599 1773 pecunia
618 1708 706 1773 capta
724 1699 842 1757 obrem
863 1698 1062 1774 iudicandam,
1077 1712 1175 1777 poste-

120 1801 203 1869 riora,
220 1798 256 1856 de
272 1799 386 1855 incestu
399 1796 549 1871 rogatione
570 1795 734 1867 Peducaea,
749 1806 812 1854 turn
827 1796 900 1854 haec
915 1797 1072 1871 cotidiana,
1088 1800 1176 1873 sicae,

120 1896 234 1965 veneni,
252 1895 413 1969 peculatus,
430 1902 670 1950 testamentorum
692 1894 779 1950 etiarn
800 1894 864 1968 lege
885 1913 963 1952 nova
979 1897 1176 1970 quaestiones.
1191 1915 1213 1954 rs

122 1993 196 2050 Inde
212 1993 259 2049 illa
273 1992 367 2048 actio:
391 2007 447 2049 ops
464 2006 658 2058 cousu1ooua
676 2006 735 2048 ‘ruo
755 2008 876 2050 suarum
894 2008 945 2050 nro
964 2009 1082 2052 sacrun
1100 2011 1176 2068 assa,

121 2090 189 2148 inde
211 2099 255 2148 tot
276 2089 384 2147 iudicia
399 2087 437 2145 de
458 2087 518 2145 fide
537 2088 622 2158 mala,
638 2088 754 2159 tutelae,
769 2088 909 2160 mandati,
924 2107 978 2164 pro
992 2092 1085 2163 soci0,
1100 2091 1175 2151 fidu-

121 2189 193 2257 ciae,
205 2187 323 2262 reliqua,
336 2204 410 2261 quae
426 2204 462 2243 ex
477 2195 578 2260 empto
590 2194 639 2242 aut
650 2185 770 2242 vendito
786 2195 835 2243 aut
849 2186 999 2245 conducto
1014 2198 1064 2246 aut
1078 2189 1176 2249 locato

121 2296 222 2343 contra
233 2285 323 2342 fidem
334 2284 415 2355 fiunt,
428 2282 496 2340 inde
512 2283 653 2340 iudicium
664 2284 814 2358 publicum
825 2284 866 2342 rei
877 2285 1005 2359 privatae
1017 2284 1082 2362 lege
1095 2288 1175 2346 Plae-

120 2384 202 2453 toria,
223 2382 291 2440 inde
313 2381 502 2439 everriculum
524 2381 696 2438 malitiarum
719 2382 860 2452 omnium,
881 2382 1023 2440 iudicium
1045 2383 1083 2442 de
1106 2385 1210 2444 dolo²0

121 2481 206 2551 malo,
219 2479 300 2554 quod
315 2479 349 2537 C.
366 2478 514 2553 Aquillius,
530 2478 673 2536 familiaris
688 2489 795 2550 noster,
810 2480 946 2555 protulit,
968 2498 1059 2555 quern
1073 2481 1174 2542 dolum

120 2577 200 2635 idern
215 2577 355 2651 Aquillius
370 2584 430 2633 turn
446 2575 538 2632 teneri
555 2584 646 2650 putat,
662 2594 730 2632 cum
750 2575 828 2633 aliud
849 2577 885 2633 sit
906 2577 1082 2651 simulatum,
1098 2580 1174 2639 aliud

82 2690 107 2732 aa
122 2685 227 2732 actum.
272 2675 361 2730 Hanc
376 2673 461 2747 igitur
474 2681 584 2729 tantam
600 2672 672 2730 adis
687 2673 885 2732 inmortalibus
899 2674 1070 2734 arbitramur
1085 2678 1173 2735 malo·

120 2791 183 2830 rum
209 2771 363 2829 sementim
386 2787 448 2827 esse
470 2769 599 2826 factam?
640 2770 668 2828 Si
690 2771 767 2826 enirn
789 2770 931 2828 rationem
956 2772 1124 2833 hominibus
1144 2773 1174 2833 di

120 2870 273 2940 dederunt,
289 2869 427 2925 malitiam
443 2866 606 2939 dederunt;
629 2877 673 2925 est
688 2868 767 2924 enim
782 2867 890 2925 malitia
903 2880 1019 2927 versuta
1040 2880 1069 2929 et
1090 2872 1175 2931 fallax
1185 2891 1207 2929 τε

120 2969 193 3025 ratio
214 2966 362 3038 nocendi,
384 2964 474 3022 iidem
495 2965 582 3021 etiarn
598 2964 628 3022 di
647 2963 779 3021 fraudem
794 2963 947 3038 dederunt,
962 2966 1075 3027 facinus
1096 2979 1173 3028 cete·

120 3084 218 3139 raquo,
234 3082 358 3139 quorum
380 3062 450 3119 nihil
473 3080 528 3119 nec
550 3062 656 3136 suscipi
678 3062 739 3120 sine
762 3062 873 3120 ratione
894 3081 952 3121 nec
973 3062 1051 3123 effici
1066 3076 1172 3142 potest

122 3162 303 3221 ‘Utinam’
319 3161 412 3236 igitur,
427 3169 459 3217 ut
474 3160 522 3216 illa
535 3178 607 3217 anus
622 3169 712 3234 optat,

569 3324 611 3364 ne
633 3306 668 3364 in
689 3324 835 3364 nemore
858 3308 960 3365 Pelio
982 3311 1173 3371 securibus

162 3406 300 3465 Caesae
329 3404 561 3462 accidissent
588 3400 767 3478 abiegnae
799 3403 841 3461 ad
872 3404 1005 3464 terram
1037 3408 1208 3481 trabem

121 3570 163 3626 sic
182 3569 266 3626 istam
287 3566 474 3624 calliditatem
492 3566 657 3625 hominibus
673 3566 704 3624 di
718 3585 755 3624 ne
771 3566 940 3626 dedissent!
963 3587 1022 3644 qua
1036 3572 1173 3648 perpauci

116 3667 195 3724 bene
212 3673 337 3735 utuntur,
355 3682 404 3740 qur
423 3674 521 3721 tamen
542 3664 597 3738 ipsi
618 3681 705 3738 saepe
720 3682 738 3721 a
752 3664 826 3721 male
841 3665 989 3724 utentibus
1004 3669 1171 3743 opprimun-

100 3772 153 3835 tur,
171 3763 411 3825 innumerabiles
434 3772 540 3824 autern
558 3761 698 3837 improbe
716 3760 1017 3830 illuminandorum
1029 3763 1090 3823 hoc
1102 3765 1171 3825 divi·
