2446 4102
449 261 514 310 LIB.
533 262 554 311 I.
587 261 648 312 Car.
661 263 682 321 Ι,
695 263 730 312 11.
766 264 864 329 §51-5.
1141 269 1179 334 33

128 432 176 474 me
189 433 253 474 rem
268 433 446 491 causamque
461 416 601 489 continet,
617 425 713 475 utrum
735 418 805 475 nihil
820 427 915 494 agant,
931 419 1002 478 nihil
1016 422 1179 495 moliantur,

128 513 210 570 omni
230 515 380 571 curatione
402 521 431 571 et
452 514 701 572 administratione
722 535 818 573 rerum
832 526 946 588 vacent,
962 537 999 574 an
1021 529 1123 576 contra
1143 521 1180 579 ab

127 610 161 669 iis
176 619 205 668 et
220 629 238 667 a
251 611 396 686 principio
411 612 511 669 omnia
525 613 601 669 sacta
622 621 652 670 et
673 614 831 671 constituta
852 615 909 672 sint
930 624 960 672 et
976 614 1015 673 ad
1035 617 1179 677 inlinitum

127 717 244 782 tempus
264 718 400 784 regantur
422 718 509 784 atque
530 720 710 782 moveantur,
733 711 763 768 in
787 712 887 786 primis
910 732 1016 788 magna
1036 715 1178 774 dissensio

96 825 107 862 s
127 815 179 877 est,
195 823 290 880 eaque
304 806 359 864 nisi
374 805 558 879 diiudicatur,
574 807 604 864 in
625 826 742 865 summo
764 827 859 866 errore
881 827 1002 868 necesse
1025 823 1067 870 est
1086 813 1178 871 homi-

125 921 178 960 nes
195 912 283 979 atque
299 903 329 961 in
344 904 534 962 maximarum
549 923 645 962 rerum
660 906 840 980 ignoratione
855 909 970 966 versari,
1012 911 1084 968 Sunt
1098 912 1176 968 enim
1195 902 1212 1008 ξ

124 1000 293 1076 philosophi
321 1010 350 1058 et
373 1002 497 1073 fuerunt,
523 1002 573 1076 qui
602 1003 724 1060 omnino
752 1004 861 1061 nullam
890 1005 997 1064 habere
1026 993 1202 1066 censerent'

124 1116 222 1155 rerum
243 1097 436 1156 humanarum
457 1099 692 1174 procurationem
715 1099 797 1158 deos
841 1102 974 1175 Quorum
994 1105 1017 1160 si
1032 1122 1099 1161 vera
1113 1123 1178 1162 sen-

124 1195 216 1253 tentia
234 1205 287 1267 est,
303 1213 378 1270 quae
393 1205 491 1270 potest
506 1214 568 1254 esse
583 1196 686 1272 pietas
702 1215 777 1271 quae
799 1201 945 1271 sanctitas,
961 1219 1037 1274 quae
1058 1202 1179 1276 religio?

88 1309 112 1336 ¹0
126 1294 212 1351 Haec
227 1293 306 1351 enim
321 1294 421 1351 omnia
439 1311 511 1369 pure
533 1303 621 1369 atque
643 1305 722 1352 caste
745 1295 899 1353 tribuenda
920 1297 1043 1355 deorum
1065 1300 1177 1357 numini

124 1391 164 1448 ita
178 1399 255 1462 sunt,
267 1391 291 1448 si
304 1390 572 1448 animadvertuntur
586 1391 622 1449 ab
637 1392 680 1463 iis,
693 1402 722 1449 et
736 1393 760 1449 si
774 1403 817 1450 est
831 1393 939 1467 aliquid
954 1414 972 1451 a
992 1395 1055 1453 deis
1070 1397 1176 1454 inmor-

123 1488 229 1547 talibus
243 1488 398 1546 hominum
408 1489 508 1564 generi
521 1489 670 1547 tributum.
707 1491 755 1548 Sin
770 1500 868 1547 autem
880 1491 929 1548 dei
943 1511 1039 1566 neque
1054 1504 1177 1568 possunt

123 1607 178 1646 nos
199 1587 296 1646 iuvare
317 1605 375 1645 nec
395 1587 497 1645 volunt
517 1605 574 1645 nec
595 1590 716 1646 omnino
739 1598 841 1646 curant
865 1608 931 1661 nec,
953 1590 1025 1664 quid
1046 1611 1173 1666 agamus

123 1685 367 1757 animadvertunt,
382 1703 439 1743 nec
458 1695 510 1756 est,
525 1685 608 1760 quod
623 1686 659 1744 ab
679 1686 712 1743 iis
733 1685 771 1743 ad
793 1686 945 1744 hominum
958 1689 1047 1746 vitam
1061 1707 1175 1763 perma-

86 1814 109 1851 15
123 1801 193 1841 nare
207 1783 309 1858 possit,
324 1781 396 1857 quid
411 1791 454 1840 est
471 1782 552 1857 quod
574 1782 647 1841 ullos
664 1782 727 1840 deis
745 1784 943 1842 inmortalibus
964 1787 1066 1856 cultuS,
1082 1786 1174 1845 hono-

122 1899 178 1952 res,
192 1898 296 1956 preces
317 1879 531 1938 adhibeamus?
572 1881 608 1937 In
628 1881 727 1954 specie
749 1890 846 1937 autem
868 1882 953 1938 fictae
975 1884 1173 1955 simulationis,

123 1979 198 2036 sicut
216 1978 344 2053 reliquae
359 1978 486 2048 virtutes,
504 1978 574 2034 item
595 1979 687 2052 pietas
710 1979 804 2035 inesse
826 1997 886 2036 non
907 1989 1013 2054 potest,
1032 1999 1099 2038 cum
1117 2001 1176 2055 qua

122 2064 207 2134 simul
222 2076 406 2134 sanctitatem
421 2085 451 2132 et
464 2075 635 2150 religionem
654 2076 715 2132 tolli
736 2094 856 2134 necesse
871 2087 922 2147 est,
938 2077 1042 2151 quibus
1057 2080 1174 2137 sublatis

121 2172 300 2248 perturbatio
315 2173 389 2230 vitae
411 2173 541 2247 sequitur
561 2181 591 2229 et
612 2191 718 2247 magna
739 2174 887 2246 conlusi03
909 2184 996 2248 atque
1018 2175 1097 2233 haud
1112 2177 1207 2236 scios

83 2296 110 2323 ω
123 2289 160 2329 an
181 2271 290 2345 pietate
305 2269 442 2328 adversos
458 2268 531 2327 deos
549 2270 660 2328 sublata
681 2269 754 2327 fides
770 2271 857 2327 etiam
872 2281 902 2328 et
916 2273 1040 2329 societas
1061 2275 1174 2346 generis

121 2367 242 2426 humani
269 2377 300 2426 et
326 2385 385 2425 una
412 2367 654 2424 excellentissima
674 2368 772 2438 virtus,
795 2368 910 2439 iustitia,
934 2370 1056 2426 tollatur.
1102 2371 1175 2428 Sunt

86 2482 89 2486 ’
121 2474 222 2524 autem
243 2465 291 2524 alii
314 2464 491 2540 philosophi,
515 2465 583 2522 etii
605 2464 727 2540 quidem
752 2467 849 2539 magni
872 2475 959 2540 atque
983 2467 1103 2537 nobiles,
1124 2469 1174 2542 qui

121 2563 245 2622 deorum
261 2573 360 2621 mente
382 2573 468 2636 atque
490 2562 601 2620 ratione
623 2580 742 2619 omnem
765 2561 908 2619 mundum
929 2562 1119 2620 administrari
1144 2575 1174 2623 et

119 2662 181 2738 regi
196 2670 345 2732 censeant,
359 2678 456 2736 neque
470 2678 540 2718 vero
561 2659 592 2717 id
614 2661 716 2732 solum,
733 2659 785 2717 sed
807 2661 894 2717 etiam
916 2661 952 2717 ab
970 2660 1063 2718 isdem
1079 2661 1173 2719 homi-

81 2782 106 2820 πε
120 2779 192 2818 num
205 2760 282 2818 vitae
296 2758 410 2816 consuli
423 2767 453 2816 et
474 2757 638 2833 provideri;
665 2777 734 2815 nam
756 2767 785 2814 et
806 2759 900 2832 fruges
920 2767 949 2814 et
963 2759 1081 2832 reliqua,
1097 2778 1172 2833 quae

119 2866 195 2916 terra
218 2857 319 2933 pariat,
343 2866 372 2914 et
396 2865 585 2930 tempestates
613 2874 648 2912 ac
676 2864 843 2929 temporum
865 2856 1015 2913 varietates
1041 2858 1172 2930 caelique

118 2955 304 3026 mutationes,
327 2953 431 3029 quibus
453 2953 560 3025 omnia,
583 2971 658 3027 quae
686 2962 761 3009 terra
788 2954 895 3028 gignat,
917 2962 1058 3010 maturata
1079 2956 1173 3028 pube-

119 3062 211 3125 scant,
227 3051 304 3111 adis
320 3051 518 3109 inmortalibus
534 3050 620 3108 tribui
634 3051 733 3126 generi
751 3050 880 3108 humano
894 3060 998 3124 putant
1013 3052 1171 3126 multaque,

118 3169 193 3226 quae
209 3149 344 3208 dicentur
357 3150 388 3207 in
409 3149 452 3206 his
473 3148 559 3220 libris,
576 3148 723 3222 colligunt,
740 3167 814 3222 quae
836 3148 903 3205 talia
924 3157 999 3218 sunt,
1014 3157 1046 3205 ut
1060 3167 1095 3205 ea
1109 3151 1173 3223 ipsa

81 3248 167 3308 rodei
192 3248 360 3306 inmortales
385 3246 424 3304 ad
449 3265 534 3303 usum
559 3245 712 3303 hominum
737 3246 868 3304 fabricati
891 3262 986 3319 paene
1007 3245 1170 3305 videantur.

119 3347 230 3406 Contra
244 3364 318 3421 quos
334 3343 501 3404 Carneades
515 3345 555 3401 ita
575 3343 665 3400 multa
680 3342 823 3414 disseruit,
839 3353 870 3400 ut
885 3343 1023 3399 excitaret
1038 3343 1171 3402 homines

117 3463 178 3503 non
192 3442 333 3503 socordes
348 3441 386 3500 ad
400 3441 459 3500 veri
473 3439 665 3516 investigandi
682 3440 881 3515 cupiditatem.
925 3442 985 3497 Res
1001 3442 1078 3497 enim
1094 3442 1171 3498 nulla
1190 3456 1203 3496 5

118 3552 170 3615 est,
185 3542 225 3600 de
245 3559 304 3616 qua
324 3549 476 3615 tantopere
498 3557 558 3596 non
580 3539 674 3595 solum
695 3537 816 3608 indocti,
832 3538 885 3595 sed
907 3538 994 3595 etiam
1017 3538 1098 3595 docti
1113 3538 1170 3596 dis-

117 3641 244 3699 sentiant
254 3659 263 3712 ;
285 3656 410 3713 quorum
432 3637 585 3711 opiniones
607 3654 675 3692 cum
696 3643 756 3692 tam
770 3635 864 3692 variae
886 3636 943 3692 sint
960 3645 1078 3709 tamque
1097 3636 1171 3693 inter

80 3766 104 3806 ³⁵
117 3755 148 3797 se
173 3735 359 3808 dissidentes,
383 3735 504 3792 alterum
527 3733 588 3791 fieri
612 3732 746 3807 prolecto
771 3741 875 3806 potest,
902 3742 933 3789 ut
959 3750 1056 3790 earum
1082 3733 1168 3804 nulla,
