2446 4102
375 268 441 317 Lm.
454 267 489 316 11.
523 267 585 316 cir.
598 266 618 325 1,
631 267 666 315 11.
701 268 731 330 §a
747 279 801 332 1-5.
1026 226 1100 333 ‘³31

57 422 184 481 Balbus:
208 423 317 481 Geram
331 421 384 480 tibi
398 438 510 478 morem
529 430 557 477 et
577 439 661 495 agam
682 438 770 494 quam
792 420 969 478 brevissume
991 430 1094 495 potero
1105 443 1114 495 ;

58 519 168 576 etenim
191 519 333 576 convictis
356 518 476 592 Epicuri
497 519 639 575 erroribus
660 518 747 592 longa
768 517 806 575 de
829 536 895 574 mea
916 517 1113 593 disputatione

57 616 190 673 detracta
204 616 296 673 oratio
310 625 362 672 est.
406 615 536 673 Omnino
559 614 692 671 dividunt
706 616 796 672 nostri
810 624 902 672 totam
917 615 1000 671 istam
1016 615 1053 673 de
1069 616 1114 675 dis

56 713 259 770 inmortalibus
281 698 482 787 quaestionem
503 713 533 769 in
554 712 642 786 partis
664 722 808 786 quattuor.
852 713 981 769 Primum
1004 712 1114 771 docent

30 829 40 866 r
57 827 120 867 esse
136 809 220 881 deos
236 809 344 867 deinde
360 810 459 884 quales
474 810 539 880 sint,
555 819 617 866 tum
634 808 777 867 mundum
800 810 836 868 ab
858 811 891 867 iis
912 809 1112 882 administrari,

55 917 208 982 postremo
245 907 396 964 consulere
433 924 483 964 eos
519 906 604 964 rebus
635 906 777 964 humanis.
830 908 893 964 Nos
921 916 1020 964 autem
1056 908 1114 965 hoc

56 1021 203 1074 sermone,
219 1021 294 1078 quae
309 1005 405 1078 priora
420 1003 481 1061 duo
495 1014 571 1074 sunt,
592 1022 758 1076 sumamus5
780 1005 896 1061 tertium
918 1014 947 1061 et
968 1014 1111 1078 quartum,

56 1101 126 1176 quia
147 1101 259 1158 maiora
279 1111 354 1171 sunt,
376 1111 448 1176 puto
469 1119 531 1158 esse
547 1102 576 1158 in
591 1101 669 1158 aliud
683 1112 799 1176 tempus
814 1101 982 1159 differenda.
1027 1103 1113 1159 Mini-

56 1216 104 1255 me
129 1216 210 1268 vem,
236 1199 330 1272 inquit
353 1199 459 1270 Cotta3
482 1217 549 1255 nam
573 1208 602 1256 et
624 1199 708 1255 otiosi
731 1217 831 1256 sumus
855 1209 884 1256 et
908 1200 940 1256 iis
964 1198 1001 1256 de
1026 1201 1113 1258 rebus
1156 1218 1159 1223 ·

27 1296 179 1370 magimus,
195 1313 271 1370 quae
286 1305 352 1352 sunt
367 1296 454 1352 etiam
470 1296 592 1370 negotiis
607 1295 843 1370 anteponendae.

95 1394 175 1449 Tum
202 1393 347 1450 Lucilius:
380 1393 427 1450 Ne
450 1411 534 1467 egere
559 1392 679 1467 quidem
703 1391 826 1464 videtur,
855 1394 956 1467 inquit,
983 1371 1146 1477 orationeff

56 1490 152 1564 prima
182 1507 259 1564 pars,
302 1489 383 1563 Quid
418 1491 497 1547 enim
526 1499 623 1564 potest
653 1508 716 1547 esse
746 1500 804 1547 tam
834 1501 966 1565 apertum
994 1500 1113 1565 tamque

56 1587 256 1662 perspicuum,
280 1605 349 1644 cum
371 1588 485 1644 caelum
506 1587 687 1661 suspeximus
710 1588 902 1662 caelestiaque
924 1588 1113 1661 contemplati

57 1702 167 1754 sumus,
183 1702 273 1759 quam
288 1702 351 1742 esse
366 1683 485 1759 aliquod
500 1701 610 1741 numen
631 1686 894 1758 praestantissimae
917 1685 1031 1754 mentis,
1054 1702 1113 1758 quo

27 1781 131 1840 uhaec
153 1782 311 1855 regantur?
353 1781 444 1855 Quod
465 1782 495 1838 ni
516 1782 556 1838 ita
577 1791 661 1852 esset,
677 1782 726 1856 qui
747 1783 888 1856 potuisset
909 1780 1036 1839 adsensu
1050 1799 1112 1838 om·

57 1879 139 1936 nium
154 1877 254 1936 dicere
271 1879 401 1936 Ennius:

96 2007 235 2101 aspice
275 2025 344 2084 hoc
383 2025 539 2085 sublime
576 2026 753 2099 candens,
793 2043 899 2100 quem
941 2029 1115 2084 invocant

746 2124 1033 2192 omnesIovem,

56 2271 137 2331 illum
166 2289 236 2329 vero
264 2279 294 2330 et
317 2272 419 2330 Iovem
448 2281 477 2344 et
502 2271 718 2329 dominatorem
742 2289 838 2329 rerum
864 2281 893 2328 et
918 2271 1018 2328 omnia
1042 2278 1114 2328 nutu

22 2393 45 2422 ω
55 2378 211 2446 regentem
225 2378 264 2441 et,
278 2379 311 2428 ut
325 2369 412 2428 idern.
421 2369 542 2441 Ennius,

261 2526 400 2592 patrem
429 2516 626 2591 divumque
655 2516 914 2590 hominumque

54 2675 84 2724 et
109 2654 299 2742 praesentem
326 2682 361 2723 ac
390 2673 613 2740 praepotentem
642 2664 753 2721 deum?
794 2661 884 2736 Quod
912 2662 962 2736 qui
987 2660 1113 2730 dubitet,

54 2763 137 2821 haud
153 2780 224 2820 sane
240 2761 384 2836 intellego,
401 2781 453 2819 cur
466 2780 527 2819 non
542 2761 630 2832 idem,
647 2762 690 2819 sol
711 2762 747 2818 sit
761 2779 797 2818 an
812 2760 906 2816 nullus
922 2760 966 2829 sit,
982 2757 1114 2815 dubitare

55 2862 159 2936 possit.
202 2860 261 2934 Qui
276 2863 355 2918 enim
370 2869 414 2918 est
428 2860 486 2918 hoc
501 2861 548 2917 illo
564 2859 748 2917 evidentius?
789 2856 879 2931 Quod
894 2857 948 2913 nisi
964 2856 1114 2930 cognitum
1133 2879 1146 2918 5

17 2981 41 3020 πε
55 2958 355 3032 conprehensumque
380 2957 485 3014 animis
513 2958 694 3028 haberemus
719 2976 777 3014 non
804 2965 863 3012 tam
884 2954 991 3010 stabilis
1013 2953 1114 3027 opinio

55 3064 244 3131 permaneret
268 3072 325 3111 nec
350 3055 570 3112 confirmaretur
594 3055 780 3112 diuturnitate
806 3052 944 3126 temporis
972 3068 1028 3107 nec
1056 3069 1115 3107 una

55 3170 126 3210 cum
140 3151 244 3209 saeclis
259 3152 459 3227 aetatibusque
474 3151 626 3209 hominum
641 3152 791 3210 inveterari
803 3149 952 3224 potuisset.
997 3147 1114 3204 Etenim

55 3249 192 3306 videmus
215 3258 326 3306 ceteras
349 3249 504 3323 opiniones
526 3249 609 3306 fictas
633 3259 720 3322 atque
745 3266 833 3304 vanas
855 3244 1040 3302 diuturnitate
1065 3262 1114 3300 ex-

56 3347 194 3405 tabuisse.
238 3345 312 3419 Quis
341 3347 420 3403 enim
444 3347 720 3421 Hippocentaurum
745 3345 831 3401 suisse
857 3352 906 3399 aut
929 3342 1115 3400 Chimaeram
1164 3422 1167 3427 .

17 3469 43 3508 30
56 3445 163 3518 putat?
183 3460 297 3517 quaeve
311 3462 384 3501 anus
403 3452 464 3500 tam
486 3462 588 3500 excors
612 3443 732 3500 inveniri
757 3450 862 3516 potest,
878 3457 953 3514 quae
969 3439 1023 3508 illa,
1039 3455 1114 3511 quae

56 3539 211 3616 quondam
250 3539 445 3600 credebantur
481 3540 561 3615 apud
597 3541 704 3597 inferos
741 3547 885 3613 portenta,
925 3535 1116 3594 extimescat?

58 3637 217 3712 Opinionis
232 3638 311 3696 enirn
326 3647 495 3695 commenta
509 3637 588 3694 delet
602 3637 674 3708 dies,
690 3645 808 3693 naturae
824 3633 932 3691 iudicia
953 3631 1115 3689 confirmat.

58 3734 164 3810 Itaque
200 3743 231 3792 et
264 3734 296 3793 in
327 3744 426 3799 nostro
458 3736 569 3816 populo
601 3745 631 3792 et
661 3735 691 3791 in
727 3732 829 3790 ceteris
865 3730 987 3791 deorum
1021 3729 1116 3785 cultus
