2446 4102
234 249 235 254 ’
325 261 391 310 Lm.
410 262 431 309 1.
465 262 696 321 cinxuaxrv.
731 264 760 325 §s
774 275 862 326 31-37.
1075 262 1116 323 43

63 413 151 472 stellis
164 413 245 489 vagis
260 415 455 486 nominantur,
471 433 570 487 unum,
587 416 637 489 qui
659 434 695 472 ex
715 416 852 473 omnibus
874 414 1026 484 sideribus
1042 432 1117 488 quae

62 511 152 568 infixa
166 510 249 568 caelo
262 520 337 582 sunt,
349 529 386 568 ex
398 511 534 586 dispersis
546 513 626 586 quasi
641 513 779 570 membris
791 513 913 586 simplex
925 512 960 569 sit
971 511 1117 586 putandus

62 608 145 680 deus
154 608 312 683 septimum
324 609 415 666 solem
427 608 557 684 adiungit
568 619 760 683 octavamque
770 610 868 666 lunam
880 630 887 681 ;
903 610 954 682 qui
963 627 1022 683 quo
1032 628 1118 667 sensu

60 705 140 763 beati
165 723 229 763 esse
255 706 375 780 possint,
400 706 528 781 intellegi
555 725 616 764 non
640 716 746 783 potest.
790 708 836 764 Ex
861 706 966 764 eadem
992 707 1118 765 Platonis

29 823 41 860 s
60 802 163 860 schola
188 803 327 861 Ponticus
345 795 524 861 Heraclides
545 804 703 879 puerilibus
725 804 827 862 fabulis
849 805 958 862 refersit
980 806 1067 862 libros
1090 815 1119 863 et

60 899 154 957 modo
178 899 334 972 mundum,
358 910 421 958 turn
445 910 575 958 mentem
601 900 730 958 divinam
755 919 819 958 esse
844 911 934 976 putat,
959 903 1117 960 errantibus

61 998 150 1054 etiarn
172 998 260 1055 stellis
282 997 462 1055 divinitatem
485 999 583 1056 tribuit
605 1017 751 1072 sensuque
777 998 865 1055 deum
889 1000 982 1073 privat
1007 1001 1117 1056 eteius

60 1094 186 1152 formam
201 1095 371 1152 mutabilem
386 1113 449 1152 esse
464 1096 524 1153 vult
539 1094 705 1168 eodemque
723 1096 753 1153 in
774 1096 846 1153 libro
860 1115 955 1154 rursus
970 1107 1073 1153 terram
1089 1106 1118 1154 et

60 1191 177 1248 caelum
198 1192 285 1248 refert
305 1191 335 1248 in
355 1190 437 1249 deos.
480 1193 546 1248 Nec
560 1210 630 1248 vero
644 1192 839 1266 Theophrasti
861 1194 1055 1250 inconstantia
1076 1194 1116 1250 fe·
1130 1201 1155 1241 3⁵

24 1311 48 1337 10
60 1287 154 1345 tenda
167 1297 230 1361 est3
253 1288 344 1346 modo
356 1289 435 1346 enim
450 1289 541 1346 menti
553 1288 682 1346 divinum
697 1291 795 1348 tribuit
808 1291 1014 1365 principatum,
1026 1291 1117 1349 modo

61 1386 344 1456 cae10,tumaute1n
368 1386 455 1460 signis
473 1385 674 1460 sideribusque
689 1387 872 1445 caelestibus,
916 1389 980 1444 Nec
997 1387 1117 1444 audien-

60 1482 116 1540 dus
138 1483 200 1540 eius
223 1482 338 1540 auditor
352 1484 456 1554 Strato,
472 1483 495 1540 is
510 1484 560 1557 qui
582 1483 718 1559 physicus
741 1486 909 1559 appellatur,
924 1487 974 1559 qui
997 1504 1118 1542 omnem

59 1580 119 1637 vim
134 1579 264 1638 divinam
278 1580 308 1637 in
328 1589 431 1637 natura
446 1581 530 1637 sitam
546 1599 608 1638 esse
624 1591 733 1652 censet,
749 1600 824 1656 quac
846 1601 947 1639 causas
969 1582 1116 1659 gignendi,

59 1680 198 1756 augendi,
223 1679 376 1737 minuendi
404 1680 520 1751 habeat,
546 1680 599 1738 sed
624 1692 720 1738 careat
745 1683 825 1738 omni
850 1699 937 1739 sensu
964 1692 992 1740 et
1016 1683 1115 1756 figura.

24 1800 46 1838 rs
58 1779 140 1836 Zeno
155 1786 264 1849 autem,
280 1777 384 1835 utiam
399 1777 437 1834 ad
452 1787 571 1848 vestros,
587 1779 686 1849 Balbe,
702 1779 826 1850 veniam,
842 1780 1002 1836 naturalem
1022 1760 1162 1866 legem{⁴61

58 1875 191 1934 divinam
216 1893 281 1932 esse
304 1884 414 1945 censet,
437 1893 561 1949 eamque
583 1876 641 1932 vim
666 1876 798 1933 obtinere
821 1887 901 1934 recta
925 1878 1117 1951 imperantem

57 1973 326 2048 prohibentemque
342 1973 494 2030 contraria.
539 1972 636 2045 Quam
651 1973 746 2047 legem
758 1992 817 2047 quo
829 1974 919 2032 modo
935 1975 1041 2032 efficiat
1055 1977 1117 2033 ani-

57 2081 201 2142 mantem,
224 2070 391 2145 intellegere
416 2088 477 2127 non
501 2088 655 2145 possumus
666 2091 674 2143 3
703 2069 792 2128 deum
817 2080 915 2128 autern
938 2073 1117 2130 animantem

58 2179 138 2227 certe
152 2168 288 2226 volumus
310 2186 383 2225 esse.
425 2169 522 2241 Atque
549 2167 595 2225 hic
621 2167 700 2225 idem
723 2169 779 2226 alio
802 2169 869 2227 loco
892 2170 1010 2226 aethera
1027 2171 1117 2228 deum

21 2266 140 2339 aedicit,
156 2267 181 2323 si
195 2266 323 2340 intellegi
337 2274 434 2340 potest
449 2266 520 2322 nihil
540 2266 667 2323 sentiens
682 2264 764 2335 deus
780 2267 830 2340 qui
849 2285 1008 2342 numquam
1032 2270 1116 2326 nobis

57 2364 187 2422 occurrit
201 2380 297 2437 neque
312 2363 342 2420 in
356 2363 492 2437 precibus
507 2381 605 2437 neque
620 2363 649 2420 in
664 2363 769 2437 optatis
784 2382 881 2438 neque
897 2365 926 2421 in
941 2367 1033 2438 votis;
1056 2367 1116 2423 aliis

56 2472 158 2520 autern
173 2460 250 2518 libris
265 2461 408 2518 rationem
424 2459 572 2535 quandam
593 2479 778 2535 peromnem
793 2472 925 2519 naturam
940 2463 1036 2521 rerum
1051 2483 1115 2539 per·

55 2560 202 2617 tinentem
215 2559 244 2615 vi
258 2558 357 2616 divina
371 2576 435 2615 esse
450 2556 596 2614 adsertam
617 2567 708 2632 putat.
752 2557 836 2614 Idem
858 2560 939 2617 astris
962 2560 1019 2617 hoc
1035 2560 1115 2618 idem

56 2657 165 2728 tribuit,
180 2665 244 2714 tum
265 2656 358 2727 anniS,
380 2656 529 2714 mensibus
551 2673 753 2729 annorumque
777 2657 995 2715 mutationibus,
1039 2659 1116 2716 Cum

20 2782 43 2820 25
56 2773 126 2812 vero
142 2752 273 2812 Hesiodi
294 2754 483 2829 theogoniam
503 2751 550 2830 [id
565 2764 608 2811 est
623 2754 765 2828 originem
780 2753 919 2831 deorum]
947 2755 1114 2829 interpreta-

56 2862 112 2924 tur,
134 2852 210 2910 tollit
234 2853 357 2909 omnino
380 2852 497 2909 usitatas
526 2861 738 2926 perceptasque
764 2852 946 2925 cognitiones
972 2852 1095 2909 deorum
1108 2875 1115 2923 ;

57 2950 251 3026 nequeenim
267 2951 370 3007 Iovem
384 2968 481 3024 neque
497 2951 642 3007 Iunonem
657 2967 754 3022 neque
771 2950 892 3005 Vestam
904 2967 999 3023 neque
1015 2969 1116 3024 quem-

57 3066 156 3122 quam,
173 3047 224 3122 qui
249 3047 289 3104 ita
310 3047 481 3121 appelletur,
496 3047 525 3103 in
549 3044 671 3103 deorum
697 3045 785 3103 habct
809 3064 941 3117 numero,
959 3046 1011 3103 sed
1030 3049 1116 3105 rebus

57 3144 195 3202 inanimis
216 3153 304 3219 atque
326 3144 413 3201 mutis
434 3161 486 3218 per
500 3144 649 3217 quandam
672 3143 914 3217 significationem
938 3144 1011 3200 haec
1029 3145 1117 3202 docet

22 3268 47 3306 30
58 3242 165 3300 tributa
179 3243 310 3299 nomina.
354 3241 445 3300 Cuius
460 3241 595 3315 discipuli
610 3242 751 3298 Aristonis
766 3260 826 3297 non
848 3242 943 3298 minus
965 3261 1072 3316 magno
1088 3244 1117 3300 in
1130 3258 1155 3300 37

59 3358 154 3397 errore
170 3340 316 3397 sententia
337 3348 389 3409 est,
405 3338 455 3412 qui
476 3356 573 3413 neque
589 3339 711 3395 sormam
726 3337 774 3394 dei
797 3338 925 3413 intellegi
948 3358 1035 3413 posse
1050 3359 1118 3397 cen·

59 3447 120 3496 seat
137 3455 236 3512 neque
258 3438 288 3494 in
303 3437 367 3494 deis
389 3455 506 3494 sensum
528 3455 591 3493 esse
608 3437 686 3493 dicat
701 3434 873 3510 dubitetque
898 3438 1028 3508 omnino,
1045 3438 1117 3496 deus

59 3536 193 3593 animans
212 3553 309 3592 necne
324 3535 369 3592 sit.
413 3534 569 3592 Cleanthes
585 3544 691 3603 autem,
708 3534 758 3607 qui
772 3535 922 3591 Zenonem
938 3535 1046 3592 audivit
1060 3555 1119 3592 una

60 3651 128 3691 cum
151 3651 197 3704 eo,
215 3650 305 3707 quem
328 3631 460 3706 proxime
481 3631 637 3700 nominavi,
658 3640 721 3687 tum
743 3631 838 3704 ipsum
864 3631 1006 3688 mundum
1029 3631 1118 3690 deum

26 3751 49 3790 ³⁵
62 3729 133 3789 dicit
153 3746 229 3801 esse,
244 3736 308 3786 tum
333 3728 421 3786 totius
445 3737 564 3786 naturae
589 3727 682 3785 menti
704 3739 791 3802 atque
816 3729 914 3786 animo
940 3729 1036 3786 tribuit
1061 3729 1118 3787 hoc
