2446 4102
371 272 436 322 Lm.
454 273 490 322 11.
523 273 798 324 cmxxv-xxvii.
833 276 863 338 ης
876 275 965 339 63-58.
1144 278 1189 343 99

216 424 330 485 Vides
364 427 519 485 sublime
554 428 688 500 fusum,
716 428 987 486 inmoderatum
1021 427 1188 502 aethera,

217 524 287 598 Qui
321 525 454 581 terram
488 533 616 583 tenero
651 527 895 583 circumiectu
925 527 1187 601 amplectitur:

217 622 326 679 Hunc
366 623 543 679 summum
584 622 720 680 habeto
758 622 893 695 divum,
929 624 1025 681 hunc
1066 624 1187 701 perhi-

807 721 894 779 beto
930 723 1066 780 Iovem.

104 924 114 962 s
136 903 195 961 Αὲτ
208 912 315 973 autem,
331 911 363 959 ut
377 903 465 961 Stoici
480 902 636 978 disputant,
652 904 819 961 interiectus
834 905 908 961 inter
922 923 1000 962 mare
1023 915 1052 962 et
1073 885 1223 985 caeluml

137 1000 258 1056 lunonis
278 999 397 1056 nomine
419 1010 614 1071 consecratur,
630 1017 705 1074 quae
727 1010 771 1057 est
793 1019 875 1058 soror
896 1011 926 1058 et
949 1002 1076 1058 coniunx
1100 1003 1185 1072 lovis

135 1095 219 1170 quod
233 1097 260 1153 ei
277 1096 433 1154 similitudo
455 1107 498 1154 est
520 1097 643 1154 aetheris
667 1107 695 1154 et
720 1116 789 1155 cum
815 1117 851 1155 eo
874 1117 987 1156 summa
1009 1100 1185 1155 coniunctio

138 1193 350 1250 Effeminarunt
370 1204 468 1251 autem
490 1211 557 1250 eum
581 1195 746 1268 Iunonique
766 1195 934 1266 tribuerunt,
950 1194 1030 1269 quod
1053 1195 1123 1252 nihil
1145 1204 1187 1253 est

136 1308 173 1349 eo
195 1291 317 1348 mollius
359 1290 418 1349 Sed
433 1292 579 1348 Iunonem
595 1309 612 1348 a
626 1291 752 1349 iuvando
768 1291 857 1349 credo
873 1293 1061 1350 nominatam.
1102 1295 1187 1367 Aqua

98 1415 123 1442 ιο
135 1388 261 1446 restabat
276 1397 305 1445 et
318 1397 401 1459 terra,
417 1398 448 1445 ut
463 1398 560 1446 essent
575 1407 611 1445 ex
632 1389 734 1447 fabulis
756 1390 810 1446 tria
831 1408 921 1465 regna
935 1389 1034 1448 divisa.
1077 1391 1186 1448 Datum

136 1495 180 1543 est
207 1485 292 1560 igitur
319 1486 469 1561 Neptune,
496 1486 576 1542 alteri
600 1487 685 1557 Iovis,
711 1497 742 1544 ut
766 1488 875 1558 volunt,
901 1488 986 1558 fratri,
1011 1488 1186 1544 maritimum

135 1600 225 1640 omne
239 1600 370 1657 regnum,
385 1601 553 1657 nomenque
575 1583 760 1658 productum,
776 1595 807 1642 ut
831 1587 973 1642 Portunus
996 1603 1014 1641 a
1035 1594 1130 1659 portu,
1146 1585 1186 1642 sic

136 1681 293 1755 Neptunus
313 1698 332 1736 a
353 1679 452 1738 nando
471 1680 589 1754 paulum
611 1681 710 1755 primis
732 1682 830 1739 litteris
853 1682 1019 1739 immutatis.
1061 1683 1188 1738 Terrena

135 1786 234 1835 autem
249 1777 291 1835 vis
306 1778 400 1834 omnis
415 1787 503 1852 atque
517 1788 619 1835 natura
634 1778 694 1835 Diti
709 1779 782 1853 patri
796 1778 934 1836 dedicata
948 1788 1000 1850 est,
1016 1778 1066 1852 qui
1089 1779 1186 1849 Dives

99 1905 121 1942 ιη
136 1885 168 1933 ut
181 1874 262 1950 apud
277 1876 407 1934 Graecos
422 1874 565 1944 Πλούτων,
581 1875 650 1949 quia
670 1886 699 1932 et
719 1875 853 1934 recidunt
876 1877 975 1933 omnia
996 1877 1025 1933 in
1048 1886 1136 1933 terras
1159 1884 1188 1932 et

135 1980 267 2038 oriuntur
281 1997 297 2036 e
312 1979 401 2038 terris.
445 1979 501 2038 Cui
516 1989 635 2054 nuptam
651 1981 756 2037 rzl'cunt
773 1980 985 2054 Proserpinam,
1001 1978 1082 2054 quod
1098 1981 1186 2039 Grae-

135 2095 239 2135 corum
260 2095 369 2134 nomen
384 2085 446 2149 est3
469 2094 504 2133 ea
525 2077 603 2134 enim
624 2087 676 2148 est,
692 2095 767 2151 quae
782 2076 951 2151 Περσεφόνη
967 2079 1079 2136 Graece
1094 2078 1186 2135 nomi-

134 2184 228 2245 natur,
243 2192 333 2249 quam
354 2174 468 2249 frugum
489 2191 591 2230 semen
612 2192 675 2231 esse
690 2174 791 2231 volunt
812 2173 1074 2248 absconditamque
1089 2174 1187 2249 quaeri

134 2291 153 2330 a
167 2281 259 2330 matre
280 2272 402 2346 fingunt.
445 2272 542 2329 Mater
563 2280 661 2328 autem
684 2281 727 2329 est
750 2290 767 2327 a
788 2270 922 2346 gerendis
948 2272 1075 2346 frugibus
1099 2272 1212 2330 Ceresu

96 2397 121 2424 ω
134 2380 285 2444 tamquam
300 2370 410 2428 ‘Geres
422 2370 438 2440 '‚
455 2386 583 2442 casuque
597 2369 692 2443 prima
708 2369 802 2425 littera
823 2366 923 2425 itidem
944 2369 1103 2439 immutata,
1119 2378 1151 2425 ut
1171 2387 1188 2426 a

135 2469 276 2540 Graecis3
298 2486 367 2525 nam
388 2466 426 2524 ab
440 2466 492 2523 illis
508 2484 625 2540 quoque
641 2465 777 2539 Δημήτηρ
792 2465 875 2538 quasi
889 2464 1023 2538 Γημήτηρ
1038 2465 1188 2522 nominata

134 2574 188 2624 est.
232 2565 294 2623 Iam
309 2565 359 2639 qui
374 2581 480 2638 magna
493 2571 625 2634 verteret,
641 2563 768 2633 Mavors,
784 2562 918 2619 Minerva
932 2571 1038 2633 autem,
1054 2580 1129 2636 quae
1144 2563 1188 2620 vel

133 2663 280 2721 minueret
292 2662 339 2720 vel
353 2662 517 2719 minaretur.
560 2660 695 2734 Cumque
718 2659 748 2716 in
770 2659 905 2716 omnibus
921 2659 1006 2717 rebus
1021 2660 1078 2716 vim
1100 2659 1212 2722 habe-2

133 2770 199 2819 rent
226 2777 392 2817 maxumam
417 2758 510 2833 prima
534 2766 563 2814 et
591 2766 727 2826 extrema,
751 2756 913 2831 principem
941 2756 970 2813 in
998 2756 1187 2815 sacrificando

95 2885 120 2924 25
135 2859 242 2916 Ianum
264 2874 327 2914 esse
342 2856 503 2925 voluerunt,
519 2854 600 2928 quod
624 2852 781 2911 abeundo
804 2871 913 2910 nomen
936 2863 979 2911 est
1002 2853 1135 2924 ductum,
1153 2873 1188 2911 ex

134 2974 195 3030 quo
208 2955 392 3013 transitiones
406 2952 521 3028 perviae
537 2952 629 3008 ‘iani’
644 2951 779 3024 foresque
794 2951 823 3007 in
838 2951 983 3008 liminibus
1004 2952 1187 3025 profanarum

134 3051 253 3110 aedium
275 3052 412 3109 ‘ianuae’
434 3049 629 3107 nominantur.
673 3048 751 3105 Nam
765 3048 872 3105 Vestae
892 3066 1001 3106 nomen
1016 3067 1033 3104 a
1048 3049 1186 3121 Graecis;

133 3168 171 3207 ea
191 3158 235 3207 est
256 3149 344 3220 enim,
359 3165 434 3222 quae
455 3146 492 3205 ab
513 3146 566 3205 illis
590 3143 691 3204 Ἑστία
715 3143 829 3202 dicitur.
870 3145 922 3203 Vis
947 3155 1045 3203 autem
1067 3145 1128 3204 eius
1150 3146 1188 3204 ad

134 3265 197 3304 aras
211 3256 240 3304 et
254 3247 336 3304 focos
351 3245 485 3320 pertinet.
529 3245 632 3317 ltaque
647 3243 677 3300 in
692 3261 727 3299 ea
742 3240 807 3313 dea,
824 3242 905 3317 quod
920 3252 964 3300 est
978 3262 1073 3301 rerum
1091 3253 1189 3302 custos

98 3370 121 3409 ³0
134 3343 320 3413 intumarum‚
335 3341 430 3400 omnis
445 3350 474 3398 et
494 3340 624 3415 precatio
639 3348 668 3396 et
683 3339 855 3397 sacrificatio
877 3349 1007 3398 extrema
1027 3350 1080 3399 est.
1123 3341 1188 3398 Nec
1201 3359 1222 3397 a:

133 3441 220 3515 longe
235 3441 340 3498 absunt
361 3439 398 3496 ab
413 3438 469 3496 hac
482 3438 510 3495 vi
532 3435 562 3494 di
584 3438 707 3494 Penates
729 3436 788 3494 sive
812 3455 829 3493 a
853 3455 933 3511 penu
956 3437 1047 3496 ducto
1070 3439 1189 3497 nomine

139 3537 198 3615 (est
219 3538 298 3595 enim
319 3555 417 3607 omne,
439 3554 499 3610 quo
520 3544 675 3592 vescuntur
697 3533 839 3605 homines,
861 3534 969 3611 penus)
996 3536 1055 3592 sive
1080 3536 1117 3593 ab
1142 3553 1188 3606 eo,

134 3634 216 3710 quod
230 3635 346 3711 penitus
360 3633 505 3705 insident;
527 3650 563 3689 ex
578 3650 637 3706 quo
659 3632 746 3689 etiam
769 3633 948 3705 ‘penetrales
960 3634 966 3658 '
989 3652 1007 3689 a
1028 3633 1123 3706 poetis
1137 3650 1187 3689 vo·

134 3742 245 3792 eantur.
288 3733 352 3790 Iam
365 3730 506 3806 Apollinis
524 3747 634 3787 nomen
655 3739 699 3787 est
720 3729 877 3800 Graecum,
892 3747 980 3803 quem
1003 3729 1100 3788 Solem
1124 3746 1187 3787 esse
