2446 4102
122 239 164 301 62
451 253 500 302 on
520 252 667 301 NATURA
688 250 849 303 oboRUM.

123 425 186 483 ita?
207 425 284 499 Quia
292 444 348 482 nec
360 425 399 483 ad
410 427 540 500 speciem
548 445 606 483 nec
617 426 655 484 ad
665 445 748 484 usum
759 426 848 485 alium
859 426 991 502 quinque
1003 425 1181 486 desiderant.

122 526 202 582 Tuus
218 532 315 580 autem
327 521 401 581 deus
415 541 475 581 non
487 521 578 599 digito
592 541 653 582 uno
665 523 820 597 redundat,
831 523 885 583 sed
900 526 1005 601 capite,
1018 527 1106 598 collo,
1118 545 1177 585 cer-

122 622 242 692 vicibus,
257 621 402 692 lateribus,
417 621 491 692 alv0,
507 628 597 695 tergo,
613 620 779 695 poplitibus,
791 620 936 692 manibus,
948 621 1084 697 pedibus,
1096 624 1176 682 semi·

123 720 216 790 nibus,
232 719 369 776 cruribus.
413 717 450 789 Si,
467 726 498 774 ut
511 717 668 775 inmortalis
684 718 728 801 sit,
744 716 815 792 quid
836 717 910 774 haec
925 717 964 776 ad
977 720 1069 777 vitam
1086 739 1175 779 mem·

122 817 174 876 bra
194 816 359 892 pertinent?
386 813 457 889 quid
485 814 548 888 ipsa
571 814 681 872 iacies?
721 814 817 889 Magis
845 815 901 886 illa,
927 815 1091 889 cerebrum,
1117 835 1204 891 conr

123 916 285 990 pulmones,
301 915 381 971 iecur
390 934 399 986 ;
421 913 494 970 haec
510 912 588 968 enirn
603 920 670 969 sunt
690 911 839 969 domicilia
859 912 935 970 vitae
945 933 954 985 3
977 914 1034 971 oris
1056 913 1176 989 quidem

81 990 237 1099 {ghabitus
254 1011 292 1069 ad
309 1012 383 1068 vitae
401 1010 566 1067 firmitatem
586 1008 657 1066 nihil
674 1009 808 1085 pertinet.
852 1010 890 1067 Et
912 1028 963 1068 eos
981 1012 1174 1088 vituperabas,

123 1111 172 1184 qui
214 1128 251 1167 ex
285 1109 420 1184 operibus
458 1107 619 1182 magnificis
654 1116 742 1181 atque
777 1107 940 1183 praeclaris,
977 1126 1047 1167 cum
1081 1110 1175 1186 ipsum

123 1207 275 1278 mundum,
301 1225 369 1263 curn
394 1206 455 1263 eius
480 1204 620 1276 membra,
650 1204 773 1275 caelum,
798 1212 897 1276 terras,
922 1206 1022 1277 maria,
1048 1225 1174 1282 cumque

123 1307 226 1365 horum
254 1307 384 1382 insignia,
413 1306 515 1376 solem,
543 1306 642 1362 lunam
674 1304 838 1379 stellasque,
867 1304 1018 1378 vidissent,
1048 1325 1174 1383 cumque
1187 1329 1209 1357 ιο

122 1414 287 1479 temporum
311 1404 498 1473 maturitates,
523 1402 699 1460 mutationes
723 1401 997 1477 vicissitudinesque
1022 1407 1174 1480 cognovis-

123 1513 195 1573 sent,
211 1502 348 1576 suspicati
370 1509 466 1558 essent
487 1501 611 1575 aliquam
627 1501 819 1558 excellentem
834 1517 898 1557 esse
917 1509 1173 1578 praestantemque

122 1609 262 1670 naturam,
288 1616 362 1673 quae
391 1598 465 1655 haec
492 1597 644 1669 effecisset,
673 1607 811 1669 moveret,
839 1607 962 1674 regeret,
991 1600 1173 1674 gubernaret

123 1698 182 1771 Qui
201 1695 313 1754 etiamsi
331 1696 464 1753 aberrant
481 1695 657 1766 coniectura,
675 1694 762 1753 video
779 1704 888 1767 tamen,
906 1696 979 1770 quid
997 1709 1173 1775 sequantur;

121 1806 152 1853 tu
185 1793 266 1869 quod
298 1811 372 1867 opus
405 1791 525 1850 tandem
558 1811 697 1866 magnum
728 1802 756 1850 et
787 1794 936 1869 egregium
964 1795 1066 1870 habes,
1095 1798 1207 1874 quoda

122 1892 259 1948 effectum
284 1890 381 1947 divina
405 1900 503 1947 mente
524 1889 664 1961 videatur,
686 1908 724 1948 ex
747 1908 806 1965 quo
826 1909 891 1950 esse
913 1892 987 1952 deos
1007 1896 1175 1971 suspicere?

122 1989 287 2059 Habebam,
299 1987 403 2061 inquis,
415 1988 444 2044 in
459 1988 557 2045 animo
571 1988 687 2044 insitam
702 1988 937 2048 informationem
951 1992 1103 2066 quandam
1118 1993 1175 2054 dei.

121 2089 160 2144 Et
180 2085 290 2144 barbati
311 2084 432 2159 quidem
454 2085 540 2156 Iovis,
562 2085 691 2160 galeatae
717 2084 873 2144 Minervae
880 2107 888 2159 ;
909 2106 982 2146 num
1003 2089 1090 2165 igitur
1111 2109 1174 2151 esse

77 2196 112 2236 ror
120 2185 183 2242 talis
202 2185 307 2259 putas?
349 2184 467 2255 Quanto
486 2183 588 2239 melius
606 2182 679 2239 haec
697 2182 798 2258 vulgus
814 2183 1024 2258 imperitorum,
1044 2189 1096 2263 qui
1115 2208 1175 2248 non

121 2283 252 2340 membra
276 2281 370 2338 solum
395 2280 520 2337 hominis
540 2280 598 2338 deo
620 2280 756 2352 tribuant,
782 2281 834 2340 sed
856 2301 942 2340 usum
967 2285 1058 2343 etiam
1082 2305 1208 2345 mem-20

120 2382 246 2440 brorum.
290 2381 371 2436 Dant
385 2378 463 2434 enim
478 2396 587 2448 arcum,
599 2378 724 2452 sagittas,
737 2378 858 2451 hastam,
871 2380 1009 2455 clipeum,
1021 2382 1173 2457 fuscinam,

121 2480 238 2549 fulmen,
264 2486 293 2535 et
318 2477 350 2548 si,
373 2477 504 2533 actiones
532 2493 607 2549 quae
632 2475 689 2533 sint
714 2475 847 2548 deorum,
875 2495 936 2535 non
963 2477 1075 2553 vident,
1104 2481 1174 2540 nihil

120 2586 255 2651 agentem
285 2585 383 2631 tamen
412 2572 500 2630 deum
528 2590 588 2630 non
617 2581 728 2647 queunt
756 2574 893 2648 cogitare.
936 2575 1005 2650 Ipsi,
1028 2579 1080 2652 qui
1107 2579 1173 2637 inri-

120 2674 234 2743 dentur,
247 2671 380 2746 Aegyptii
393 2670 501 2727 nullam
516 2669 632 2728 beluam
647 2670 701 2727 nisi
716 2669 755 2728 ob
770 2670 896 2744 aliquam
910 2672 1075 2747 utilitatem,
1085 2693 1173 2751 quam

120 2788 157 2827 ex
184 2787 219 2826 ea
254 2775 400 2842 caperent,
430 2776 674 2824 consecraverunt
685 2787 693 2839 ;
728 2768 805 2825 velut
841 2769 902 2827 ibes
930 2771 1090 2831 maximam
1115 2774 1173 2832 vim
1184 2795 1206 2835 2⁵

120 2866 298 2940 serpentium
317 2864 485 2936 conficiunt,
506 2883 574 2921 cum
593 2865 649 2923 sint
669 2882 736 2922 aves
756 2866 897 2938 excelsae,
915 2867 1046 2927 cruribus
1064 2870 1172 2946 rigidis,

120 2982 228 3021 corneo
252 2980 433 3036 proceroque
455 2971 547 3020 rostro
559 2983 567 3034 ;
589 2970 721 3019 avertunt
742 2972 856 3037 pestem
878 2964 915 3023 ab
936 2966 1082 3041 Aegypto,
1104 2987 1173 3027 curn

117 3060 241 3118 volucris
276 3059 376 3133 anguis
412 3077 449 3116 ex
482 3059 614 3116 vastitate
651 3059 760 3134 Libyae
793 3069 882 3118 vento
913 3061 1012 3120 Africo
1043 3063 1172 3124 invectas

118 3158 293 3216 interficiunt
315 3166 402 3231 atque
428 3165 604 3214 consumunt
614 3177 623 3229 ;
645 3174 682 3213 ex
704 3175 763 3230 quo
788 3157 828 3230 fit,
854 3167 885 3215 ut
909 3158 973 3217 illae
992 3178 1049 3218 nec
1074 3181 1172 3222 morsu

117 3257 198 3313 vivae
218 3264 344 3312 noceant
362 3272 419 3311 nec
439 3253 531 3312 odore
552 3263 694 3311 mortuae.
737 3257 860 3313 Possum
882 3255 920 3315 de
941 3257 1206 3319 ichneumonumrv

118 3353 247 3423 utilitate,
274 3351 312 3409 de
341 3350 564 3422 crocodilorum,
593 3350 631 3409 de
657 3351 775 3409 faelium
800 3351 908 3425 dicere,
934 3354 986 3413 sed
1012 3356 1083 3414 nolo
1109 3376 1171 3417 esse

117 3450 229 3524 longus.
273 3450 318 3506 Ita
352 3448 536 3520 concludam,
572 3457 671 3506 tamen
705 3448 804 3507 beluas
839 3468 857 3506 a
890 3450 1018 3510 barbaris
1052 3465 1172 3531 propter

117 3547 294 3607 beneficium
317 3554 510 3617 consecratas,
532 3555 695 3604 vestrorum
717 3545 841 3604 deorum
864 3566 925 3606 non
947 3548 1038 3608 modo
1060 3552 1170 3611 benefi-

73 3647 196 3703 macium
220 3644 331 3701 nullum
356 3652 463 3714 extare,
488 3642 541 3701 sed
565 3661 603 3701 ne
628 3642 737 3700 sactum
761 3644 882 3718 quidem
907 3647 1038 3706 omnino.
1091 3649 1172 3710 Nihil

118 3744 215 3815 habet,
237 3740 338 3815 inquit,
359 3739 478 3815 negotii.
520 3739 655 3798 Profecto
677 3740 821 3815 Epicurus
846 3743 929 3817 quasi
949 3744 1032 3819 pueri
1053 3745 1202 3810 delicatia
