2446 4102
369 272 435 322 LIB.
448 271 483 322 11.
517 272 578 322 Car.
591 272 717 321 LI-LIII.
751 272 782 335 ξς
798 270 916 335 128-132.
1107 273 1163 320 121

111 428 213 487 locum
233 435 265 486 et
285 426 391 486 cubilia
405 427 459 486 sibi
474 425 618 501 nidosque
634 435 804 484 construunt
818 444 927 501 eosque
943 445 1030 501 quam
1045 436 1167 502 possunt

111 525 292 584 mollissume
307 524 501 595 substernunt,
513 533 545 582 ut
558 541 647 598 quam
661 524 804 582 facillume
819 542 875 581 ova
888 533 1056 596 serventur,
1075 541 1092 582 e
1104 525 1165 599 qui·

111 624 168 682 bus
190 621 285 698 pullos
307 640 376 679 cum
391 620 580 692 excuderunt,
595 621 635 678 ita
649 630 773 692 tuentur,
787 630 820 679 ut
834 632 863 679 et
877 621 973 696 pinnis
987 621 1112 693 foveant,
1128 641 1166 681 ne

111 720 219 794 frigore
243 718 402 790 laedantur,
425 728 463 790 et,
486 719 511 776 si
533 727 577 776 est
599 719 679 776 calor
701 737 718 776 a
740 718 810 790 sole,
833 737 864 776 se
885 730 1046 794 opponant.
1089 721 1166 779 Cum

78 828 213 881 sautem
237 816 308 891 pulli
332 816 458 891 pinnulis
482 816 524 873 uti
548 826 680 890 possunt,
706 824 768 873 tum
792 817 903 873 volatus
932 835 1032 874 eorum
1060 827 1165 876 matres

110 924 337 991 prosequuntur,
352 913 462 988 reliqua
475 932 546 970 cura
558 913 722 971 liberantur.
755 912 880 970 Accedit
895 913 932 971 ad
947 932 1007 972 non
1022 915 1165 973 nullorum
1173 939 1210 980 130

111 1011 304 1069 animantium
325 1019 355 1068 et
376 1028 475 1068 earum
495 1028 600 1082 rerum,
616 1028 687 1084 quas
709 1019 784 1067 terra
797 1010 898 1086 gignit,
914 1013 1166 1070 conservationem

112 1117 143 1167 et
164 1108 287 1167 salutern
308 1107 461 1165 hominurn
480 1108 567 1165 etiarn
581 1107 706 1165 sollertia
721 1116 750 1164 et
764 1107 921 1182 diligentia.
965 1109 1044 1166 Nam
1057 1109 1165 1167 multae

111 1215 142 1265 et
165 1205 298 1282 pecudes
320 1214 350 1263 et
372 1205 475 1280 stirpes
497 1215 572 1277 sunt,
596 1223 671 1280 quae
696 1205 758 1264 sine
783 1207 987 1280 procuratione
1012 1206 1165 1264 hominurn

72 1333 98 1360 ιο
111 1303 209 1362 salvae
223 1321 288 1363 esse
302 1321 363 1362 non
381 1312 512 1378 possunt.
555 1305 682 1378 Magnae
704 1304 792 1361 etiam
813 1305 1023 1378 oportunitates
1044 1303 1083 1362 ad
1105 1304 1164 1361 cul-

110 1412 176 1460 tum
191 1400 344 1460 hominurn
358 1411 445 1475 atque
459 1399 669 1459 abundantiam
683 1401 756 1458 aliae
771 1401 832 1458 aliis
846 1401 876 1458 in
890 1401 961 1458 locis
975 1402 1164 1476 reperiuntur.

110 1502 279 1575 Aegyptum
295 1499 378 1557 Nilus
393 1498 496 1572 inrigat
511 1508 548 1569 et,
565 1517 633 1556 curn
647 1507 709 1556 tota
723 1508 832 1556 aestate
854 1499 986 1557 obrutam
1001 1500 1165 1573 oppletam-

111 1615 171 1673 que
188 1596 288 1667 tenuit,
303 1605 366 1654 turn
380 1594 492 1653 recedit
507 1595 690 1670 mollitosque
705 1605 734 1654 et
748 1597 902 1654 oblimatos
917 1614 1001 1670 agros
1015 1595 1053 1654 ad
1068 1614 1164 1654 seren-

112 1694 187 1753 dum
214 1694 358 1768 relinquit.
401 1694 648 1768 Mesopotamiam
676 1694 798 1751 fertilem
824 1692 912 1750 efficit
938 1693 1109 1767 Euphrates,
1135 1694 1165 1751 in

72 1818 97 1857 ις
112 1810 203 1867 quarn
223 1801 296 1866 quot
317 1809 409 1848 annos
430 1791 512 1865 quasi
533 1809 626 1848 novos
647 1809 731 1865 agros
751 1789 870 1847 invehit.
913 1788 1005 1848 Indus
1022 1807 1100 1860 vero,
1116 1791 1166 1864 qui

112 1900 157 1948 est
172 1889 304 1947 omnium
318 1888 469 1946 fluminum
484 1889 635 1959 maximus,
651 1907 712 1945 non
726 1906 803 1963 aqua
817 1888 910 1945 solum
928 1907 1012 1963 agros
1029 1887 1166 1946 laetificat

112 1997 143 2046 et
157 1987 277 2063 mitigat,
293 1984 346 2044 sed
361 2004 412 2043 eos
428 1986 515 2043 etiarn
530 1986 676 2057 conserit,
698 2004 834 2060 magnam
849 1986 927 2043 eninr
941 1987 1000 2042 vim
1021 1986 1166 2044 seminum

112 2103 215 2144 secum
236 2084 371 2142 frumenti
392 2084 528 2142 similium
551 2083 656 2141 dicitur
677 2082 841 2158 deportare.
884 2084 1035 2158 Multaque
1058 2085 1114 2141 alia
1136 2085 1209 2144 in131

111 2183 174 2240 aliis
188 2182 260 2240 locis
275 2181 544 2239 commemorabilia
557 2181 684 2255 proferre
699 2198 827 2256 possum,
842 2181 945 2237 multos
961 2181 1067 2238 fertiles
1082 2199 1166 2256 agros

73 2303 99 2330 ω
112 2281 185 2338 alios
209 2279 331 2336 aliorum
359 2279 512 2335 fnrctuum.
555 2276 614 2336 Sed
642 2278 689 2334 illa
713 2288 822 2352 quanta
845 2277 1008 2351 benignitas
1035 2287 1163 2349 naturae,
1172 2287 1209 2342 53

111 2377 195 2453 quod
210 2386 269 2434 tam
284 2376 374 2433 multa
387 2375 425 2433 ad
440 2374 628 2445 vescendum,
640 2383 700 2432 tarn
714 2375 791 2431 varia
805 2384 835 2431 et
849 2385 909 2432 tam
924 2375 1052 2433 iucunda
1065 2376 1164 2450 gignit,

111 2492 210 2550 neque
225 2492 260 2531 ea
274 2492 333 2531 uno
350 2483 483 2548 ternpore
505 2473 582 2543 anni,
598 2482 630 2530 ut
650 2490 766 2546 semper
787 2482 816 2528 et
837 2472 964 2529 novitate
986 2471 1166 2530 delectemur

111 2583 142 2630 et
156 2571 263 2646 copia!
306 2571 403 2645 Quam
417 2571 605 2645 tempestivos
621 2579 719 2627 autern
734 2567 824 2638 dedit,
841 2586 928 2643 quarn
947 2570 1083 2627 salutares
1105 2588 1165 2628 non

111 2669 204 2728 modo
220 2669 380 2739 hominum,
395 2667 448 2725 sed
463 2668 549 2725 etiarn
571 2665 722 2743 pecudum
743 2666 851 2741 generi,
867 2666 900 2722 iis
922 2665 1049 2740 denique
1071 2667 1164 2724 omni·

72 2793 97 2830 25
110 2768 176 2838 buS,
192 2784 267 2841 quae
283 2766 413 2823 oriuntur
433 2783 449 2823 e
471 2774 554 2835 terra,
570 2774 672 2822 ventos
695 2763 826 2821 Etesiasl
849 2781 972 2837 quorum
994 2764 1063 2821 flatu
1083 2764 1166 2822 nimii

111 2874 312 2939 temperantur
326 2863 455 2934 calores;
477 2863 515 2921 ab
529 2862 624 2920 isdem
640 2862 728 2919 etiarn
743 2861 878 2918 maritimi
894 2879 992 2918 cursus
1008 2862 1118 2919 celeres
1136 2871 1165 2919 et

111 2962 185 3020 certi
209 2960 386 3036 deriguntur.
430 2961 524 3018 Multa
548 2957 760 3034 praetereunda
784 2968 851 3016 sunt
879 2956 925 3034 [et
949 2968 1047 3016 tamen
1075 2959 1166 3015 multa

111 3056 277 3136 dicuntur].
321 3058 492 3116 Enumerari
515 3059 594 3114 enirn
616 3075 677 3115 non
698 3067 821 3131 possunt
842 3055 993 3114 fluminum
1015 3057 1209 3129 oportuni-ras

111 3168 196 3227 tateS,
212 3165 307 3214 aestus
322 3156 458 3213 maritimi
476 3152 631 3232 [multum]
649 3155 826 3212 accedentes
840 3164 869 3211 et
884 3153 1065 3224 recedentes,
1082 3173 1165 3212 mon·

73 3278 99 3315 ³0
112 3265 156 3312 tes
170 3254 265 3311 vestiti
278 3265 365 3329 atque
381 3253 532 3324 silvestres,
548 3253 655 3310 salinae
671 3252 707 3310 ab
722 3270 773 3308 ora
786 3253 928 3309 maritima
944 3252 1164 3324 remotissimae,

113 3353 397 3410 medicamentorum
421 3351 587 3408 salutarium
611 3350 795 3424 plenissimae
815 3359 916 3419 terrae,
932 3350 1067 3407 utilitates
1083 3349 1164 3407 deni-

112 3468 170 3524 que
186 3449 411 3507 innumerabiles
426 3448 464 3506 ad
479 3449 587 3505 victum
603 3458 631 3504 et
646 3446 684 3504 ad
699 3448 787 3504 vitam
802 3448 992 3506 necessariae.
1027 3448 1091 3505 Iarn
1107 3447 1166 3506 diei

111 3548 267 3621 noctisque
281 3545 451 3604 vicissitudo
466 3555 619 3604 conservat
634 3544 795 3602 animantes
810 3544 938 3602 tribuens
959 3543 1037 3602 aliud
1058 3545 1165 3618 agendi

110 3654 238 3721 tempus.
254 3643 332 3703 aliud
347 3643 528 3719 quiescendi.
571 3644 618 3702 Sic
634 3641 763 3717 undique
778 3641 859 3700 omni
880 3641 990 3698 ratione
1013 3642 1165 3699 concludi-

75 3762 99 3803 ss
112 3752 158 3801 tur
192 3752 291 3801 mente
325 3742 506 3818 consilioque
542 3739 641 3798 divino
678 3741 777 3798 omnia
817 3740 846 3797 in
887 3739 943 3796 hoc
979 3737 1091 3797 mundo
1126 3738 1166 3797 ad
