<?xml version="1.0" encoding="UTF-8"?>
<!DOCTYPE html PUBLIC "-//W3C//DTD XHTML 1.0 Transitional//EN"
    "http://www.w3.org/TR/xhtml1/DTD/xhtml1-transitional.dtd">
<html xmlns="http://www.w3.org/1999/xhtml" xml:lang="en" lang="en">
 <head>
  <title>
</title>
<meta http-equiv="Content-Type" content="text/html;charset=utf-8" />
  <meta name='ocr-system' content='tesseract 3.04.00' />
  <meta name='ocr-capabilities' content='ocr_page ocr_carea ocr_par ocr_line ocrx_word'/>
</head>
<body>
  <div class='ocr_page' id='page_1' title='image "./mtulliiciceroni00schgoog_0060.png"; bbox 0 0 2446 4102; ppageno 0'>
   <div class='ocr_carea' id='block_1_1' title="bbox 335 265 1134 334">
    <p class='ocr_par' dir='ltr' id='par_1_1' title="bbox 335 265 1134 334">
     <span class='ocr_line' id='line_1_1' title="bbox 335 265 1134 334; baseline 0 -18"><span class='ocrx_word' id='word_1_1' title='bbox 335 265 401 317; x_wconf 91' lang='lat' dir='ltr'><strong>LIB.</strong></span> <span class='ocrx_word' id='word_1_2' title='bbox 414 267 435 316; x_wconf 90' lang='lat'>1.</span> <span class='ocrx_word' id='word_1_3' title='bbox 469 266 529 316; x_wconf 73' lang='lat' dir='ltr'>Cre.</span> <span class='ocrx_word' id='word_1_4' title='bbox 547 266 713 316; x_wconf 89' lang='lat' dir='ltr'>XVIII-XX.</span> <span class='ocrx_word' id='word_1_5' title='bbox 748 267 778 330; x_wconf 62' lang='grc' dir='ltr'>ξς</span> <span class='ocrx_word' id='word_1_6' title='bbox 790 279 879 333; x_wconf 83' lang='lat'><strong>45-52.</strong></span> <span class='ocrx_word' id='word_1_7' title='bbox 1091 267 1134 334; x_wconf 86' lang='lat'>47</span> 
     </span>
    </p>
   </div>
   <div class='ocr_carea' id='block_1_2' title="bbox 35 420 1182 3816">
    <p class='ocr_par' dir='ltr' id='par_1_2' title="bbox 35 420 1182 3816">
     <span class='ocr_line' id='line_1_2' title="bbox 83 420 1174 497; baseline -0.001 -17"><span class='ocrx_word' id='word_1_8' title='bbox 83 422 171 480; x_wconf 91' lang='lat' dir='ltr'>etiam</span> <span class='ocrx_word' id='word_1_9' title='bbox 195 420 235 480; x_wconf 91' lang='lat' dir='ltr'>ad</span> <span class='ocrx_word' id='word_1_10' title='bbox 256 429 437 479; x_wconf 78' lang='lat' dir='ltr'>venustatem</span> <span class='ocrx_word' id='word_1_11' title='bbox 466 430 541 497; x_wconf 90' lang='lat' dir='ltr'>apta,</span> <span class='ocrx_word' id='word_1_12' title='bbox 562 420 736 480; x_wconf 87' lang='lat' dir='ltr'>describere.</span> <span class='ocrx_word' id='word_1_13' title='bbox 780 421 895 495; x_wconf 87' lang='lat' dir='ltr'>Quodsi</span> <span class='ocrx_word' id='word_1_14' title='bbox 919 423 1051 480; x_wconf 90' lang='lat' dir='ltr'>omnium</span> <span class='ocrx_word' id='word_1_15' title='bbox 1074 423 1134 481; x_wconf 90' lang='lat' dir='ltr'>ani·</span> <span class='ocrx_word' id='word_1_16' title='bbox 1148 439 1174 479; x_wconf 76' lang='lat' dir='ltr'>rs</span> 
     </span>
     <span class='ocr_line' id='line_1_3' title="bbox 83 518 1135 594; baseline 0.002 -18"><span class='ocrx_word' id='word_1_17' title='bbox 83 519 226 576; x_wconf 88' lang='lat' dir='ltr'>mantium</span> <span class='ocrx_word' id='word_1_18' title='bbox 240 519 364 576; x_wconf 86' lang='lat' dir='ltr'>formam</span> <span class='ocrx_word' id='word_1_19' title='bbox 378 519 466 575; x_wconf 89' lang='lat' dir='ltr'>vincit</span> <span class='ocrx_word' id='word_1_20' title='bbox 481 518 606 576; x_wconf 93' lang='lat' dir='ltr'>hominis</span> <span class='ocrx_word' id='word_1_21' title='bbox 621 519 720 592; x_wconf 89' lang='lat' dir='ltr'>figura,</span> <span class='ocrx_word' id='word_1_22' title='bbox 736 518 809 576; x_wconf 92' lang='lat' dir='ltr'>deus</span> <span class='ocrx_word' id='word_1_23' title='bbox 824 529 922 577; x_wconf 86' lang='lat' dir='ltr'>autern</span> <span class='ocrx_word' id='word_1_24' title='bbox 936 521 1068 577; x_wconf 88' lang='lat' dir='ltr'>animans</span> <span class='ocrx_word' id='word_1_25' title='bbox 1082 530 1135 594; x_wconf 91' lang='lat' dir='ltr'>est,</span> 
     </span>
     <span class='ocr_line' id='line_1_4' title="bbox 83 615 1135 692; baseline 0.002 -18"><span class='ocrx_word' id='word_1_26' title='bbox 83 634 119 674; x_wconf 90' lang='lat' dir='ltr'>ea</span> <span class='ocrx_word' id='word_1_27' title='bbox 132 617 224 692; x_wconf 89' lang='lat' dir='ltr'>figura</span> <span class='ocrx_word' id='word_1_28' title='bbox 237 616 371 691; x_wconf 85' lang='lat' dir='ltr'>profecto</span> <span class='ocrx_word' id='word_1_29' title='bbox 387 624 439 687; x_wconf 91' lang='lat' dir='ltr'>est,</span> <span class='ocrx_word' id='word_1_30' title='bbox 454 633 529 690; x_wconf 91' lang='lat' dir='ltr'>quae</span> <span class='ocrx_word' id='word_1_31' title='bbox 551 615 746 691; x_wconf 89' lang='lat' dir='ltr'>pulcherrima</span> <span class='ocrx_word' id='word_1_32' title='bbox 760 617 796 673; x_wconf 89' lang='lat' dir='ltr'>sit</span> <span class='ocrx_word' id='word_1_33' title='bbox 810 617 961 690; x_wconf 68' lang='lat' dir='ltr'>omnium,</span> <span class='ocrx_word' id='word_1_34' title='bbox 984 619 1135 692; x_wconf 90' lang='lat' dir='ltr'>quoniam-</span> 
     </span>
     <span class='ocr_line' id='line_1_5' title="bbox 83 712 1136 788; baseline 0.003 -17"><span class='ocrx_word' id='word_1_35' title='bbox 83 731 139 788; x_wconf 89' lang='lat' dir='ltr'>que</span> <span class='ocrx_word' id='word_1_36' title='bbox 155 712 228 772; x_wconf 94' lang='lat' dir='ltr'>deos</span> <span class='ocrx_word' id='word_1_37' title='bbox 243 713 425 771; x_wconf 90' lang='lat' dir='ltr'>beatissimos</span> <span class='ocrx_word' id='word_1_38' title='bbox 440 731 503 770; x_wconf 93' lang='lat' dir='ltr'>esse</span> <span class='ocrx_word' id='word_1_39' title='bbox 519 723 642 784; x_wconf 90' lang='lat' dir='ltr'>constat,</span> <span class='ocrx_word' id='word_1_40' title='bbox 654 714 756 772; x_wconf 90' lang='lat' dir='ltr'>beatus</span> <span class='ocrx_word' id='word_1_41' title='bbox 770 724 869 772; x_wconf 90' lang='lat' dir='ltr'>autem</span> <span class='ocrx_word' id='word_1_42' title='bbox 884 733 947 772; x_wconf 92' lang='lat' dir='ltr'>esse</span> <span class='ocrx_word' id='word_1_43' title='bbox 959 716 1021 772; x_wconf 91' lang='lat' dir='ltr'>sine</span> <span class='ocrx_word' id='word_1_44' title='bbox 1032 716 1136 774; x_wconf 92' lang='lat' dir='ltr'>virtute</span> 
     </span>
     <span class='ocr_line' id='line_1_6' title="bbox 51 810 1137 888; baseline 0.002 -19"><span class='ocrx_word' id='word_1_45' title='bbox 51 829 172 869; x_wconf 87' lang='lat' dir='ltr'>snemo</span> <span class='ocrx_word' id='word_1_46' title='bbox 186 820 284 886; x_wconf 92' lang='lat' dir='ltr'>potest</span> <span class='ocrx_word' id='word_1_47' title='bbox 297 828 354 868; x_wconf 92' lang='lat' dir='ltr'>nec</span> <span class='ocrx_word' id='word_1_48' title='bbox 368 810 455 868; x_wconf 91' lang='lat' dir='ltr'>virtus</span> <span class='ocrx_word' id='word_1_49' title='bbox 477 810 538 867; x_wconf 93' lang='lat' dir='ltr'>sine</span> <span class='ocrx_word' id='word_1_50' title='bbox 553 811 663 868; x_wconf 90' lang='lat' dir='ltr'>ratione</span> <span class='ocrx_word' id='word_1_51' title='bbox 686 821 819 869; x_wconf 89' lang='lat' dir='ltr'>constare</span> <span class='ocrx_word' id='word_1_52' title='bbox 841 830 898 869; x_wconf 91' lang='lat' dir='ltr'>nec</span> <span class='ocrx_word' id='word_1_53' title='bbox 918 813 991 870; x_wconf 87' lang='lat' dir='ltr'>ratio</span> <span class='ocrx_word' id='word_1_54' title='bbox 1013 831 1137 888; x_wconf 85' lang='lat' dir='ltr'>usquam</span> 
     </span>
     <span class='ocr_line' id='line_1_7' title="bbox 83 907 1136 983; baseline 0.002 -17"><span class='ocrx_word' id='word_1_55' title='bbox 83 909 179 967; x_wconf 92' lang='lat' dir='ltr'>inesse</span> <span class='ocrx_word' id='word_1_56' title='bbox 194 908 249 966; x_wconf 94' lang='lat' dir='ltr'>nisi</span> <span class='ocrx_word' id='word_1_57' title='bbox 270 908 300 966; x_wconf 93' lang='lat' dir='ltr'>in</span> <span class='ocrx_word' id='word_1_58' title='bbox 315 907 441 965; x_wconf 89' lang='lat' dir='ltr'>hominis</span> <span class='ocrx_word' id='word_1_59' title='bbox 455 908 555 982; x_wconf 87' lang='lat' dir='ltr'>figura,</span> <span class='ocrx_word' id='word_1_60' title='bbox 571 908 696 966; x_wconf 89' lang='lat' dir='ltr'>hominis</span> <span class='ocrx_word' id='word_1_61' title='bbox 712 927 775 966; x_wconf 91' lang='lat' dir='ltr'>esse</span> <span class='ocrx_word' id='word_1_62' title='bbox 791 910 890 983; x_wconf 90' lang='lat' dir='ltr'>specie</span> <span class='ocrx_word' id='word_1_63' title='bbox 906 909 978 967; x_wconf 92' lang='lat' dir='ltr'>deos</span> <span class='ocrx_word' id='word_1_64' title='bbox 993 911 1136 968; x_wconf 91' lang='lat' dir='ltr'>confiten-</span> 
     </span>
     <span class='ocr_line' id='line_1_8' title="bbox 83 1005 1176 1084; baseline -0.003 -20"><span class='ocrx_word' id='word_1_65' title='bbox 83 1006 155 1065; x_wconf 90' lang='lat' dir='ltr'>dum</span> <span class='ocrx_word' id='word_1_66' title='bbox 177 1014 231 1064; x_wconf 91' lang='lat' dir='ltr'>est.</span> <span class='ocrx_word' id='word_1_67' title='bbox 274 1005 339 1063; x_wconf 91' lang='lat' dir='ltr'>Nec</span> <span class='ocrx_word' id='word_1_68' title='bbox 353 1013 453 1063; x_wconf 90' lang='lat' dir='ltr'>tamen</span> <span class='ocrx_word' id='word_1_69' title='bbox 467 1023 503 1063; x_wconf 88' lang='lat' dir='ltr'>ea</span> <span class='ocrx_word' id='word_1_70' title='bbox 516 1006 630 1080; x_wconf 88' lang='lat' dir='ltr'>species</span> <span class='ocrx_word' id='word_1_71' title='bbox 653 1023 758 1081; x_wconf 88' lang='lat' dir='ltr'>corpus</span> <span class='ocrx_word' id='word_1_72' title='bbox 780 1016 832 1078; x_wconf 91' lang='lat' dir='ltr'>est,</span> <span class='ocrx_word' id='word_1_73' title='bbox 849 1007 901 1064; x_wconf 93' lang='lat' dir='ltr'>sed</span> <span class='ocrx_word' id='word_1_74' title='bbox 916 1009 999 1082; x_wconf 89' lang='lat' dir='ltr'>quasi</span> <span class='ocrx_word' id='word_1_75' title='bbox 1021 1026 1137 1084; x_wconf 88' lang='lat' dir='ltr'>corpus,</span> <span class='ocrx_word' id='word_1_76' title='bbox 1150 1022 1176 1062; x_wconf 83' lang='lat' dir='ltr'>ro</span> 
     </span>
     <span class='ocr_line' id='line_1_9' title="bbox 82 1102 1181 1179; baseline 0.004 -18"><span class='ocrx_word' id='word_1_77' title='bbox 82 1121 139 1161; x_wconf 91' lang='lat' dir='ltr'>nec</span> <span class='ocrx_word' id='word_1_78' title='bbox 156 1102 246 1160; x_wconf 90' lang='lat' dir='ltr'>habet</span> <span class='ocrx_word' id='word_1_79' title='bbox 266 1102 447 1177; x_wconf 87' lang='lat' dir='ltr'>sanguinem,</span> <span class='ocrx_word' id='word_1_80' title='bbox 462 1102 515 1160; x_wconf 92' lang='lat' dir='ltr'>sed</span> <span class='ocrx_word' id='word_1_81' title='bbox 529 1102 611 1177; x_wconf 86' lang='lat' dir='ltr'>quasi</span> <span class='ocrx_word' id='word_1_82' title='bbox 632 1103 813 1177; x_wconf 89' lang='lat' dir='ltr'>sanguinem.</span> <span class='ocrx_word' id='word_1_83' title='bbox 856 1105 943 1161; x_wconf 89' lang='lat' dir='ltr'>Haec</span> <span class='ocrx_word' id='word_1_84' title='bbox 958 1123 1136 1179; x_wconf 89' lang='lat' dir='ltr'>quamquam</span> <span class='ocrx_word' id='word_1_85' title='bbox 1145 1112 1181 1166; x_wconf 84' lang='grc'>19</span> 
     </span>
     <span class='ocr_line' id='line_1_10' title="bbox 83 1199 1139 1276; baseline 0.001 -17"><span class='ocrx_word' id='word_1_86' title='bbox 83 1210 113 1259; x_wconf 88' lang='lat' dir='ltr'>et</span> <span class='ocrx_word' id='word_1_87' title='bbox 127 1201 245 1259; x_wconf 89' lang='lat' dir='ltr'>inventa</span> <span class='ocrx_word' id='word_1_88' title='bbox 265 1209 332 1258; x_wconf 91' lang='lat' dir='ltr'>sunt</span> <span class='ocrx_word' id='word_1_89' title='bbox 355 1200 468 1257; x_wconf 90' lang='lat' dir='ltr'>acutius</span> <span class='ocrx_word' id='word_1_90' title='bbox 484 1209 513 1257; x_wconf 91' lang='lat' dir='ltr'>et</span> <span class='ocrx_word' id='word_1_91' title='bbox 527 1199 607 1256; x_wconf 87' lang='lat' dir='ltr'>dicta</span> <span class='ocrx_word' id='word_1_92' title='bbox 629 1200 759 1258; x_wconf 91' lang='lat' dir='ltr'>subtilius</span> <span class='ocrx_word' id='word_1_93' title='bbox 782 1200 819 1258; x_wconf 88' lang='lat' dir='ltr'>ab</span> <span class='ocrx_word' id='word_1_94' title='bbox 842 1202 980 1275; x_wconf 84' lang='lat' dir='ltr'>Epicum,</span> <span class='ocrx_word' id='word_1_95' title='bbox 996 1220 1085 1276; x_wconf 90' lang='lat' dir='ltr'>quam</span> <span class='ocrx_word' id='word_1_96' title='bbox 1108 1212 1139 1260; x_wconf 92' lang='lat' dir='ltr'>ut</span> 
     </span>
     <span class='ocr_line' id='line_1_11' title="bbox 45 1298 1137 1374; baseline 0.001 -18"><span class='ocrx_word' id='word_1_97' title='bbox 45 1323 70 1350; x_wconf 86' lang='lat'>10</span> <span class='ocrx_word' id='word_1_98' title='bbox 83 1299 177 1374; x_wconf 91' lang='lat' dir='ltr'>quivis</span> <span class='ocrx_word' id='word_1_99' title='bbox 192 1316 228 1356; x_wconf 91' lang='lat' dir='ltr'>ea</span> <span class='ocrx_word' id='word_1_100' title='bbox 240 1298 334 1373; x_wconf 90' lang='lat' dir='ltr'>possit</span> <span class='ocrx_word' id='word_1_101' title='bbox 347 1315 515 1374; x_wconf 85' lang='lat' dir='ltr'>agnoscere,</span> <span class='ocrx_word' id='word_1_102' title='bbox 530 1307 630 1354; x_wconf 88' lang='lat' dir='ltr'>tamen</span> <span class='ocrx_word' id='word_1_103' title='bbox 651 1298 739 1354; x_wconf 90' lang='lat' dir='ltr'>sretus</span> <span class='ocrx_word' id='word_1_104' title='bbox 760 1299 958 1373; x_wconf 84' lang='lat' dir='ltr'>intellegentia</span> <span class='ocrx_word' id='word_1_105' title='bbox 972 1309 1066 1357; x_wconf 86' lang='lat' dir='ltr'>vestra</span> <span class='ocrx_word' id='word_1_106' title='bbox 1080 1300 1137 1358; x_wconf 92' lang='lat' dir='ltr'>dis·</span> 
     </span>
     <span class='ocr_line' id='line_1_12' title="bbox 83 1393 1140 1471; baseline 0 -17"><span class='ocrx_word' id='word_1_107' title='bbox 83 1414 149 1454; x_wconf 89' lang='lat' dir='ltr'>sero</span> <span class='ocrx_word' id='word_1_108' title='bbox 172 1395 295 1468; x_wconf 80' lang='lat' dir='ltr'>breviuS,</span> <span class='ocrx_word' id='word_1_109' title='bbox 310 1413 399 1471; x_wconf 92' lang='lat' dir='ltr'>quam</span> <span class='ocrx_word' id='word_1_110' title='bbox 424 1413 513 1452; x_wconf 88' lang='lat' dir='ltr'>causa</span> <span class='ocrx_word' id='word_1_111' title='bbox 533 1393 689 1452; x_wconf 88' lang='lat' dir='ltr'>desiderat.</span> <span class='ocrx_word' id='word_1_112' title='bbox 733 1396 1008 1470; x_wconf 78' lang='lat' dir='ltr'>Epicurus&#39;autem,</span> <span class='ocrx_word' id='word_1_113' title='bbox 1023 1398 1073 1471; x_wconf 91' lang='lat' dir='ltr'>qui</span> <span class='ocrx_word' id='word_1_114' title='bbox 1095 1416 1140 1455; x_wconf 91' lang='lat' dir='ltr'>res</span> 
     </span>
     <span class='ocr_line' id='line_1_13' title="bbox 35 1491 1141 1569; baseline 0 -17"><span class='ocrx_word' id='word_1_115' title='bbox 35 1535 42 1544; x_wconf 83' lang='lat'>-</span> <span class='ocrx_word' id='word_1_116' title='bbox 83 1493 214 1553; x_wconf 88' lang='lat' dir='ltr'>occultas</span> <span class='ocrx_word' id='word_1_117' title='bbox 229 1503 259 1552; x_wconf 91' lang='lat' dir='ltr'>et</span> <span class='ocrx_word' id='word_1_118' title='bbox 271 1493 387 1569; x_wconf 92' lang='lat' dir='ltr'>penitus</span> <span class='ocrx_word' id='word_1_119' title='bbox 402 1491 515 1551; x_wconf 88' lang='lat' dir='ltr'>abditas</span> <span class='ocrx_word' id='word_1_120' title='bbox 537 1510 598 1550; x_wconf 92' lang='lat' dir='ltr'>non</span> <span class='ocrx_word' id='word_1_121' title='bbox 619 1492 711 1550; x_wconf 91' lang='lat' dir='ltr'>modo</span> <span class='ocrx_word' id='word_1_122' title='bbox 725 1492 829 1550; x_wconf 90' lang='lat' dir='ltr'>viderit</span> <span class='ocrx_word' id='word_1_123' title='bbox 851 1494 959 1565; x_wconf 88' lang='lat' dir='ltr'>animo,</span> <span class='ocrx_word' id='word_1_124' title='bbox 976 1494 1029 1551; x_wconf 88' lang='lat' dir='ltr'>sed</span> <span class='ocrx_word' id='word_1_125' title='bbox 1053 1496 1141 1553; x_wconf 85' lang='lat' dir='ltr'>etiam</span> 
     </span>
     <span class='ocr_line' id='line_1_14' title="bbox 83 1589 1141 1681; baseline 0 -32"><span class='ocrx_word' id='word_1_126' title='bbox 83 1592 126 1650; x_wconf 88' lang='lat' dir='ltr'>sic</span> <span class='ocrx_word' id='word_1_127' title='bbox 140 1600 253 1681; x_wconf 66' lang='lat' dir='ltr'>traotet,</span> <span class='ocrx_word' id='word_1_128' title='bbox 268 1600 300 1648; x_wconf 92' lang='lat' dir='ltr'>ut</span> <span class='ocrx_word' id='word_1_129' title='bbox 314 1609 413 1662; x_wconf 90' lang='lat' dir='ltr'>manu,</span> <span class='ocrx_word' id='word_1_130' title='bbox 429 1589 519 1648; x_wconf 89' lang='lat' dir='ltr'>docet</span> <span class='ocrx_word' id='word_1_131' title='bbox 533 1608 599 1647; x_wconf 89' lang='lat' dir='ltr'>eam</span> <span class='ocrx_word' id='word_1_132' title='bbox 617 1607 680 1647; x_wconf 90' lang='lat' dir='ltr'>esse</span> <span class='ocrx_word' id='word_1_133' title='bbox 695 1590 755 1647; x_wconf 93' lang='lat' dir='ltr'>vim</span> <span class='ocrx_word' id='word_1_134' title='bbox 770 1600 799 1648; x_wconf 90' lang='lat' dir='ltr'>et</span> <span class='ocrx_word' id='word_1_135' title='bbox 813 1600 946 1648; x_wconf 89' lang='lat' dir='ltr'>naturam</span> <span class='ocrx_word' id='word_1_136' title='bbox 961 1590 1093 1663; x_wconf 92' lang='lat' dir='ltr'>deorum,</span> <span class='ocrx_word' id='word_1_137' title='bbox 1109 1601 1141 1649; x_wconf 90' lang='lat' dir='ltr'>ut</span> 
     </span>
     <span class='ocr_line' id='line_1_15' title="bbox 82 1687 1141 1765; baseline -0.001 -18"><span class='ocrx_word' id='word_1_138' title='bbox 82 1689 211 1765; x_wconf 90' lang='lat' dir='ltr'>primum</span> <span class='ocrx_word' id='word_1_139' title='bbox 225 1707 286 1746; x_wconf 92' lang='lat' dir='ltr'>non</span> <span class='ocrx_word' id='word_1_140' title='bbox 305 1707 401 1760; x_wconf 90' lang='lat' dir='ltr'>sensu,</span> <span class='ocrx_word' id='word_1_141' title='bbox 416 1687 469 1746; x_wconf 90' lang='lat' dir='ltr'>sed</span> <span class='ocrx_word' id='word_1_142' title='bbox 487 1697 585 1745; x_wconf 91' lang='lat' dir='ltr'>mente</span> <span class='ocrx_word' id='word_1_143' title='bbox 601 1697 753 1760; x_wconf 86' lang='lat' dir='ltr'>cematur;</span> <span class='ocrx_word' id='word_1_144' title='bbox 776 1707 832 1745; x_wconf 91' lang='lat' dir='ltr'>nec</span> <span class='ocrx_word' id='word_1_145' title='bbox 854 1688 997 1745; x_wconf 86' lang='lat' dir='ltr'>soliditate</span> <span class='ocrx_word' id='word_1_146' title='bbox 1013 1688 1141 1763; x_wconf 90' lang='lat' dir='ltr'>quadam</span> 
     </span>
     <span class='ocr_line' id='line_1_16' title="bbox 45 1784 1143 1861; baseline 0.001 -19"><span class='ocrx_word' id='word_1_147' title='bbox 45 1813 70 1852; x_wconf 69' lang='grc' dir='ltr'>ις</span> <span class='ocrx_word' id='word_1_148' title='bbox 83 1804 141 1845; x_wconf 92' lang='lat' dir='ltr'>nec</span> <span class='ocrx_word' id='word_1_149' title='bbox 161 1785 200 1845; x_wconf 93' lang='lat' dir='ltr'>ad</span> <span class='ocrx_word' id='word_1_150' title='bbox 217 1805 380 1858; x_wconf 90' lang='lat' dir='ltr'>numerum,</span> <span class='ocrx_word' id='word_1_151' title='bbox 395 1794 427 1842; x_wconf 91' lang='lat' dir='ltr'>ut</span> <span class='ocrx_word' id='word_1_152' title='bbox 449 1804 492 1856; x_wconf 88' lang='lat' dir='ltr'>ea,</span> <span class='ocrx_word' id='word_1_153' title='bbox 508 1803 583 1860; x_wconf 93' lang='lat' dir='ltr'>quae</span> <span class='ocrx_word' id='word_1_154' title='bbox 606 1785 652 1842; x_wconf 90' lang='lat' dir='ltr'>ille</span> <span class='ocrx_word' id='word_1_155' title='bbox 675 1795 794 1860; x_wconf 91' lang='lat' dir='ltr'>propter</span> <span class='ocrx_word' id='word_1_156' title='bbox 814 1785 980 1842; x_wconf 86' lang='lat' dir='ltr'>firmitatem</span> <span class='ocrx_word' id='word_1_157' title='bbox 995 1784 1143 1861; x_wconf 82' lang='grc' dir='ltr'>στερέμνια</span> 
     </span>
     <span class='ocr_line' id='line_1_17' title="bbox 83 1880 1142 1960; baseline -0.003 -17"><span class='ocrx_word' id='word_1_158' title='bbox 83 1884 221 1960; x_wconf 90' lang='lat' dir='ltr'>appellat,</span> <span class='ocrx_word' id='word_1_159' title='bbox 243 1882 297 1941; x_wconf 90' lang='lat' dir='ltr'>sed</span> <span class='ocrx_word' id='word_1_160' title='bbox 321 1883 495 1958; x_wconf 86' lang='lat' dir='ltr'>imaginibus</span> <span class='ocrx_word' id='word_1_161' title='bbox 517 1880 704 1940; x_wconf 89' lang='lat' dir='ltr'>similitudine</span> <span class='ocrx_word' id='word_1_162' title='bbox 728 1892 757 1940; x_wconf 88' lang='lat' dir='ltr'>et</span> <span class='ocrx_word' id='word_1_163' title='bbox 785 1883 954 1940; x_wconf 90' lang='lat' dir='ltr'>transitione</span> <span class='ocrx_word' id='word_1_164' title='bbox 985 1884 1142 1958; x_wconf 88' lang='lat' dir='ltr'>perceptis,</span> 
     </span>
     <span class='ocr_line' id='line_1_18' title="bbox 84 1979 1143 2054; baseline -0.001 -15"><span class='ocrx_word' id='word_1_165' title='bbox 84 2000 154 2039; x_wconf 91' lang='lat' dir='ltr'>cum</span> <span class='ocrx_word' id='word_1_166' title='bbox 168 1981 281 2038; x_wconf 88' lang='lat' dir='ltr'>infinita</span> <span class='ocrx_word' id='word_1_167' title='bbox 294 1981 511 2038; x_wconf 89' lang='lat' dir='ltr'>simillumarum</span> <span class='ocrx_word' id='word_1_168' title='bbox 533 1980 693 2054; x_wconf 89' lang='lat' dir='ltr'>imaginum</span> <span class='ocrx_word' id='word_1_169' title='bbox 714 1979 802 2037; x_wconf 90' lang='lat' dir='ltr'>series</span> <span class='ocrx_word' id='word_1_170' title='bbox 826 1998 863 2036; x_wconf 87' lang='lat' dir='ltr'>ex</span> <span class='ocrx_word' id='word_1_171' title='bbox 885 1981 1143 2039; x_wconf 88' lang='lat' dir='ltr'>innumerabilibus</span> 
     </span>
     <span class='ocr_line' id='line_1_19' title="bbox 82 2075 1143 2152; baseline -0.003 -15"><span class='ocrx_word' id='word_1_172' title='bbox 82 2077 241 2139; x_wconf 87' lang='lat' dir='ltr'>individuis</span> <span class='ocrx_word' id='word_1_173' title='bbox 256 2076 359 2135; x_wconf 86' lang='lat' dir='ltr'>existat</span> <span class='ocrx_word' id='word_1_174' title='bbox 373 2087 402 2134; x_wconf 90' lang='lat' dir='ltr'>et</span> <span class='ocrx_word' id='word_1_175' title='bbox 416 2075 455 2134; x_wconf 91' lang='lat' dir='ltr'>ad</span> <span class='ocrx_word' id='word_1_176' title='bbox 468 2095 522 2134; x_wconf 92' lang='lat' dir='ltr'>nos</span> <span class='ocrx_word' id='word_1_177' title='bbox 537 2076 664 2149; x_wconf 86' lang='lat' dir='ltr'>adfluat;</span> <span class='ocrx_word' id='word_1_178' title='bbox 679 2087 741 2134; x_wconf 88' lang='lat' dir='ltr'>tum</span> <span class='ocrx_word' id='word_1_179' title='bbox 755 2077 888 2134; x_wconf 84' lang='lat' dir='ltr'>maximis</span> <span class='ocrx_word' id='word_1_180' title='bbox 902 2077 1097 2152; x_wconf 88' lang='lat' dir='ltr'>voluptatibus</span> <span class='ocrx_word' id='word_1_181' title='bbox 1112 2078 1143 2134; x_wconf 92' lang='lat' dir='ltr'>in</span> 
     </span>
     <span class='ocr_line' id='line_1_20' title="bbox 83 2175 1142 2251; baseline -0.002 -17"><span class='ocrx_word' id='word_1_182' title='bbox 83 2195 134 2235; x_wconf 90' lang='lat' dir='ltr'>eas</span> <span class='ocrx_word' id='word_1_183' title='bbox 148 2175 290 2251; x_wconf 88' lang='lat' dir='ltr'>imagines</span> <span class='ocrx_word' id='word_1_184' title='bbox 305 2184 434 2233; x_wconf 90' lang='lat' dir='ltr'>mentem</span> <span class='ocrx_word' id='word_1_185' title='bbox 456 2175 597 2232; x_wconf 89' lang='lat' dir='ltr'>intentam</span> <span class='ocrx_word' id='word_1_186' title='bbox 622 2175 799 2249; x_wconf 88' lang='lat' dir='ltr'>infixamque</span> <span class='ocrx_word' id='word_1_187' title='bbox 822 2184 951 2231; x_wconf 90' lang='lat' dir='ltr'>nostram</span> <span class='ocrx_word' id='word_1_188' title='bbox 973 2175 1142 2249; x_wconf 88' lang='lat' dir='ltr'>intellegen-</span> 
     </span>
     <span class='ocr_line' id='line_1_21' title="bbox 44 2271 1181 2348; baseline 0.004 -20"><span class='ocrx_word' id='word_1_189' title='bbox 44 2274 155 2332; x_wconf 66' lang='lat' dir='ltr'>„tiam</span> <span class='ocrx_word' id='word_1_190' title='bbox 171 2290 286 2348; x_wconf 86' lang='lat' dir='ltr'>capere,</span> <span class='ocrx_word' id='word_1_191' title='bbox 302 2272 427 2347; x_wconf 89' lang='lat' dir='ltr'>quaesit</span> <span class='ocrx_word' id='word_1_192' title='bbox 442 2281 471 2329; x_wconf 90' lang='lat' dir='ltr'>et</span> <span class='ocrx_word' id='word_1_193' title='bbox 490 2271 576 2329; x_wconf 90' lang='lat' dir='ltr'>beata</span> <span class='ocrx_word' id='word_1_194' title='bbox 596 2281 698 2328; x_wconf 87' lang='lat' dir='ltr'>natura</span> <span class='ocrx_word' id='word_1_195' title='bbox 719 2281 749 2329; x_wconf 92' lang='lat' dir='ltr'>et</span> <span class='ocrx_word' id='word_1_196' title='bbox 771 2281 897 2331; x_wconf 90' lang='lat' dir='ltr'>aeterna.</span> <span class='ocrx_word' id='word_1_197' title='bbox 940 2273 1059 2330; x_wconf 88' lang='lat' dir='ltr'>Summa</span> <span class='ocrx_word' id='word_1_198' title='bbox 1072 2291 1141 2329; x_wconf 86' lang='lat' dir='ltr'>vero</span> <span class='ocrx_word' id='word_1_199' title='bbox 1154 2294 1181 2334; x_wconf 82' lang='lat' dir='ltr'>ao</span> 
     </span>
     <span class='ocr_line' id='line_1_22' title="bbox 82 2368 1143 2445; baseline -0.003 -15"><span class='ocrx_word' id='word_1_200' title='bbox 82 2373 125 2431; x_wconf 91' lang='lat' dir='ltr'>vis</span> <span class='ocrx_word' id='word_1_201' title='bbox 140 2369 289 2429; x_wconf 89' lang='lat' dir='ltr'>infinitatis</span> <span class='ocrx_word' id='word_1_202' title='bbox 309 2379 339 2428; x_wconf 91' lang='lat' dir='ltr'>et</span> <span class='ocrx_word' id='word_1_203' title='bbox 359 2388 466 2445; x_wconf 90' lang='lat' dir='ltr'>magna</span> <span class='ocrx_word' id='word_1_204' title='bbox 490 2388 525 2426; x_wconf 93' lang='lat' dir='ltr'>ac</span> <span class='ocrx_word' id='word_1_205' title='bbox 547 2368 678 2444; x_wconf 90' lang='lat' dir='ltr'>diligenti</span> <span class='ocrx_word' id='word_1_206' title='bbox 701 2369 949 2444; x_wconf 86' lang='lat' dir='ltr'>contemplatione</span> <span class='ocrx_word' id='word_1_207' title='bbox 973 2369 1143 2443; x_wconf 91' lang='lat' dir='ltr'>dignissima</span> 
     </span>
     <span class='ocr_line' id='line_1_23' title="bbox 82 2467 1142 2544; baseline -0.004 -16"><span class='ocrx_word' id='word_1_208' title='bbox 82 2479 137 2542; x_wconf 90' lang='lat' dir='ltr'>est,</span> <span class='ocrx_word' id='word_1_209' title='bbox 149 2470 181 2527; x_wconf 91' lang='lat' dir='ltr'>in</span> <span class='ocrx_word' id='word_1_210' title='bbox 192 2487 251 2544; x_wconf 93' lang='lat' dir='ltr'>qua</span> <span class='ocrx_word' id='word_1_211' title='bbox 264 2468 391 2542; x_wconf 92' lang='lat' dir='ltr'>intellegi</span> <span class='ocrx_word' id='word_1_212' title='bbox 406 2484 528 2525; x_wconf 86' lang='lat' dir='ltr'>necesse</span> <span class='ocrx_word' id='word_1_213' title='bbox 543 2476 587 2524; x_wconf 92' lang='lat' dir='ltr'>est</span> <span class='ocrx_word' id='word_1_214' title='bbox 602 2485 667 2524; x_wconf 91' lang='lat' dir='ltr'>eam</span> <span class='ocrx_word' id='word_1_215' title='bbox 682 2485 745 2525; x_wconf 89' lang='lat' dir='ltr'>esse</span> <span class='ocrx_word' id='word_1_216' title='bbox 760 2476 902 2538; x_wconf 88' lang='lat' dir='ltr'>naturam,</span> <span class='ocrx_word' id='word_1_217' title='bbox 918 2476 950 2524; x_wconf 91' lang='lat' dir='ltr'>ut</span> <span class='ocrx_word' id='word_1_218' title='bbox 964 2467 1063 2524; x_wconf 91' lang='lat' dir='ltr'>omnia</span> <span class='ocrx_word' id='word_1_219' title='bbox 1077 2485 1142 2524; x_wconf 91' lang='lat' dir='ltr'>om·</span> 
     </span>
     <span class='ocr_line' id='line_1_24' title="bbox 81 2564 1143 2642; baseline -0.005 -16"><span class='ocrx_word' id='word_1_220' title='bbox 81 2569 169 2627; x_wconf 90' lang='lat' dir='ltr'>nibus</span> <span class='ocrx_word' id='word_1_221' title='bbox 197 2567 314 2642; x_wconf 91' lang='lat' dir='ltr'>paribus</span> <span class='ocrx_word' id='word_1_222' title='bbox 346 2567 428 2641; x_wconf 88' lang='lat' dir='ltr'>paria</span> <span class='ocrx_word' id='word_1_223' title='bbox 461 2564 668 2640; x_wconf 89' lang='lat' dir='ltr'>respondeant.</span> <span class='ocrx_word' id='word_1_224' title='bbox 726 2566 815 2622; x_wconf 91' lang='lat' dir='ltr'>Hanc</span> <span class='ocrx_word' id='word_1_225' title='bbox 845 2564 987 2640; x_wconf 81' lang='grc' dir='ltr'>ἰσονομίαν</span> <span class='ocrx_word' id='word_1_226' title='bbox 1015 2565 1143 2638; x_wconf 86' lang='lat' dir='ltr'>appellat</span> 
     </span>
     <span class='ocr_line' id='line_1_25' title="bbox 82 2661 1141 2741; baseline -0.005 -17"><span class='ocrx_word' id='word_1_227' title='bbox 82 2666 239 2741; x_wconf 86' lang='lat' dir='ltr'>Epicurus,</span> <span class='ocrx_word' id='word_1_228' title='bbox 254 2664 286 2723; x_wconf 94' lang='lat' dir='ltr'>id</span> <span class='ocrx_word' id='word_1_229' title='bbox 307 2674 350 2722; x_wconf 91' lang='lat' dir='ltr'>est</span> <span class='ocrx_word' id='word_1_230' title='bbox 372 2662 556 2739; x_wconf 90' lang='lat' dir='ltr'>aequabilem</span> <span class='ocrx_word' id='word_1_231' title='bbox 577 2662 774 2720; x_wconf 86' lang='lat' dir='ltr'>tributionem.</span> <span class='ocrx_word' id='word_1_232' title='bbox 817 2663 864 2718; x_wconf 89' lang='lat' dir='ltr'>Ex</span> <span class='ocrx_word' id='word_1_233' title='bbox 886 2661 941 2718; x_wconf 91' lang='lat' dir='ltr'>hac</span> <span class='ocrx_word' id='word_1_234' title='bbox 964 2661 1048 2735; x_wconf 91' lang='lat' dir='ltr'>igitur</span> <span class='ocrx_word' id='word_1_235' title='bbox 1070 2661 1141 2719; x_wconf 94' lang='lat' dir='ltr'>illud</span> 
     </span>
     <span class='ocr_line' id='line_1_26' title="bbox 44 2759 1141 2835; baseline -0.003 -16"><span class='ocrx_word' id='word_1_236' title='bbox 44 2791 69 2830; x_wconf 61' lang='grc' dir='ltr'>ις</span> <span class='ocrx_word' id='word_1_237' title='bbox 82 2763 217 2835; x_wconf 87' lang='lat' dir='ltr'>efficitur,</span> <span class='ocrx_word' id='word_1_238' title='bbox 233 2763 257 2820; x_wconf 94' lang='lat' dir='ltr'>si</span> <span class='ocrx_word' id='word_1_239' title='bbox 271 2762 435 2820; x_wconf 86' lang='lat' dir='ltr'>mortalium</span> <span class='ocrx_word' id='word_1_240' title='bbox 450 2771 531 2819; x_wconf 88' lang='lat' dir='ltr'>tanta</span> <span class='ocrx_word' id='word_1_241' title='bbox 544 2759 700 2817; x_wconf 90' lang='lat' dir='ltr'>multitudo</span> <span class='ocrx_word' id='word_1_242' title='bbox 717 2759 761 2831; x_wconf 91' lang='lat' dir='ltr'>sit,</span> <span class='ocrx_word' id='word_1_243' title='bbox 778 2777 842 2817; x_wconf 90' lang='lat' dir='ltr'>esse</span> <span class='ocrx_word' id='word_1_244' title='bbox 867 2759 1062 2815; x_wconf 90' lang='lat' dir='ltr'>inmortalium</span> <span class='ocrx_word' id='word_1_245' title='bbox 1079 2777 1141 2816; x_wconf 91' lang='lat' dir='ltr'>non</span> 
     </span>
     <span class='ocr_line' id='line_1_27' title="bbox 82 2856 1140 2935; baseline -0.007 -15"><span class='ocrx_word' id='word_1_246' title='bbox 82 2863 239 2933; x_wconf 90' lang='lat' dir='ltr'>minorem,</span> <span class='ocrx_word' id='word_1_247' title='bbox 262 2869 291 2918; x_wconf 93' lang='lat' dir='ltr'>et</span> <span class='ocrx_word' id='word_1_248' title='bbox 313 2861 345 2932; x_wconf 90' lang='lat' dir='ltr'>si,</span> <span class='ocrx_word' id='word_1_249' title='bbox 362 2878 436 2935; x_wconf 89' lang='lat' dir='ltr'>quae</span> <span class='ocrx_word' id='word_1_250' title='bbox 460 2859 634 2929; x_wconf 87' lang='lat' dir='ltr'>interimant,</span> <span class='ocrx_word' id='word_1_251' title='bbox 657 2857 878 2915; x_wconf 89' lang='lat' dir='ltr'>innumerabilia</span> <span class='ocrx_word' id='word_1_252' title='bbox 900 2856 965 2926; x_wconf 90' lang='lat' dir='ltr'>sint,</span> <span class='ocrx_word' id='word_1_253' title='bbox 985 2856 1073 2912; x_wconf 90' lang='lat' dir='ltr'>etiam</span> <span class='ocrx_word' id='word_1_254' title='bbox 1096 2875 1140 2928; x_wconf 88' lang='lat' dir='ltr'>ea,</span> 
     </span>
     <span class='ocr_line' id='line_1_28' title="bbox 81 2954 1139 3035; baseline -0.008 -17"><span class='ocrx_word' id='word_1_255' title='bbox 81 2977 159 3035; x_wconf 91' lang='lat' dir='ltr'>quae</span> <span class='ocrx_word' id='word_1_256' title='bbox 186 2966 368 3029; x_wconf 88' lang='lat' dir='ltr'>conservent,</span> <span class='ocrx_word' id='word_1_257' title='bbox 391 2957 504 3015; x_wconf 91' lang='lat' dir='ltr'>infinita</span> <span class='ocrx_word' id='word_1_258' title='bbox 528 2974 601 3032; x_wconf 88' lang='lat' dir='ltr'>esse</span> <span class='ocrx_word' id='word_1_259' title='bbox 617 2955 734 3013; x_wconf 90' lang='lat' dir='ltr'>debere.</span> <span class='ocrx_word' id='word_1_260' title='bbox 778 2955 816 3011; x_wconf 88' lang='lat' dir='ltr'>Et</span> <span class='ocrx_word' id='word_1_261' title='bbox 841 2971 980 3028; x_wconf 91' lang='lat' dir='ltr'>quaerere</span> <span class='ocrx_word' id='word_1_262' title='bbox 1004 2971 1022 3009; x_wconf 92' lang='lat' dir='ltr'>a</span> <span class='ocrx_word' id='word_1_263' title='bbox 1045 2954 1139 3025; x_wconf 91' lang='lat' dir='ltr'>nobis,</span> 
     </span>
     <span class='ocr_line' id='line_1_29' title="bbox 82 3050 1139 3130; baseline -0.005 -16"><span class='ocrx_word' id='word_1_264' title='bbox 82 3056 185 3128; x_wconf 90' lang='lat' dir='ltr'>Balbe,</span> <span class='ocrx_word' id='word_1_265' title='bbox 197 3053 303 3127; x_wconf 69' lang='lat' dir='ltr'>soletis</span> <span class='ocrx_word' id='word_1_266' title='bbox 315 3073 391 3130; x_wconf 88' lang='lat' dir='ltr'>quae</span> <span class='ocrx_word' id='word_1_267' title='bbox 405 3056 465 3112; x_wconf 93' lang='lat' dir='ltr'>vita</span> <span class='ocrx_word' id='word_1_268' title='bbox 478 3053 601 3112; x_wconf 92' lang='lat' dir='ltr'>deorum</span> <span class='ocrx_word' id='word_1_269' title='bbox 616 3054 660 3124; x_wconf 90' lang='lat' dir='ltr'>sit,</span> <span class='ocrx_word' id='word_1_270' title='bbox 671 3069 806 3126; x_wconf 90' lang='lat' dir='ltr'>quaeque</span> <span class='ocrx_word' id='word_1_271' title='bbox 822 3052 859 3109; x_wconf 93' lang='lat' dir='ltr'>ab</span> <span class='ocrx_word' id='word_1_272' title='bbox 871 3051 904 3108; x_wconf 92' lang='lat' dir='ltr'>iis</span> <span class='ocrx_word' id='word_1_273' title='bbox 914 3050 1036 3124; x_wconf 91' lang='lat' dir='ltr'>degatur</span> <span class='ocrx_word' id='word_1_274' title='bbox 1050 3060 1139 3109; x_wconf 69' lang='lat' dir='ltr'>aetas,</span> 
     </span>
     <span class='ocr_line' id='line_1_30' title="bbox 82 3147 1175 3228; baseline -0.006 -16"><span class='ocrx_word' id='word_1_275' title='bbox 82 3153 128 3212; x_wconf 84' lang='lat' dir='ltr'>Ea</span> <span class='ocrx_word' id='word_1_276' title='bbox 141 3151 290 3224; x_wconf 86' lang='lat' dir='ltr'>videlieet,</span> <span class='ocrx_word' id='word_1_277' title='bbox 305 3169 363 3228; x_wconf 91' lang='lat' dir='ltr'>qua</span> <span class='ocrx_word' id='word_1_278' title='bbox 383 3151 455 3209; x_wconf 92' lang='lat' dir='ltr'>nihil</span> <span class='ocrx_word' id='word_1_279' title='bbox 474 3151 597 3224; x_wconf 90' lang='lat' dir='ltr'>beatius,</span> <span class='ocrx_word' id='word_1_280' title='bbox 615 3150 686 3207; x_wconf 91' lang='lat' dir='ltr'>nihil</span> <span class='ocrx_word' id='word_1_281' title='bbox 708 3149 843 3206; x_wconf 92' lang='lat' dir='ltr'>omnibus</span> <span class='ocrx_word' id='word_1_282' title='bbox 864 3148 949 3206; x_wconf 91' lang='lat' dir='ltr'>bonis</span> <span class='ocrx_word' id='word_1_283' title='bbox 974 3147 1139 3205; x_wconf 89' lang='lat' dir='ltr'>affluentius</span> <span class='ocrx_word' id='word_1_284' title='bbox 1152 3166 1175 3205; x_wconf 81' lang='lat'>51</span> 
     </span>
     <span class='ocr_line' id='line_1_31' title="bbox 43 3243 1137 3326; baseline -0.012 -13"><span class='ocrx_word' id='word_1_285' title='bbox 43 3275 69 3314; x_wconf 69' lang='grc' dir='ltr'>νο</span> <span class='ocrx_word' id='word_1_286' title='bbox 82 3249 205 3326; x_wconf 87' lang='lat' dir='ltr'>cogitari</span> <span class='ocrx_word' id='word_1_287' title='bbox 219 3258 326 3324; x_wconf 89' lang='lat' dir='ltr'>potest.</span> <span class='ocrx_word' id='word_1_288' title='bbox 369 3249 450 3306; x_wconf 91' lang='lat' dir='ltr'>Nihil</span> <span class='ocrx_word' id='word_1_289' title='bbox 471 3249 549 3306; x_wconf 90' lang='lat' dir='ltr'>enim</span> <span class='ocrx_word' id='word_1_290' title='bbox 564 3248 631 3324; x_wconf 90' lang='lat' dir='ltr'>agit,</span> <span class='ocrx_word' id='word_1_291' title='bbox 646 3248 730 3305; x_wconf 91' lang='lat' dir='ltr'>nullis</span> <span class='ocrx_word' id='word_1_292' title='bbox 754 3245 997 3320; x_wconf 89' lang='lat' dir='ltr'>occupationibus</span> <span class='ocrx_word' id='word_1_293' title='bbox 1021 3253 1064 3301; x_wconf 91' lang='lat' dir='ltr'>est</span> <span class='ocrx_word' id='word_1_294' title='bbox 1094 3243 1137 3301; x_wconf 94' lang='lat' dir='ltr'>in-</span> 
     </span>
     <span class='ocr_line' id='line_1_32' title="bbox 81 3341 1138 3422; baseline -0.007 -17"><span class='ocrx_word' id='word_1_295' title='bbox 81 3347 216 3422; x_wconf 90' lang='lat' dir='ltr'>plicatus,</span> <span class='ocrx_word' id='word_1_296' title='bbox 239 3346 316 3404; x_wconf 86' lang='lat' dir='ltr'>nulla</span> <span class='ocrx_word' id='word_1_297' title='bbox 340 3364 431 3422; x_wconf 92' lang='lat' dir='ltr'>opera</span> <span class='ocrx_word' id='word_1_298' title='bbox 453 3346 577 3418; x_wconf 88' lang='lat' dir='ltr'>molitur,</span> <span class='ocrx_word' id='word_1_299' title='bbox 601 3364 653 3403; x_wconf 91' lang='lat' dir='ltr'>sua</span> <span class='ocrx_word' id='word_1_300' title='bbox 678 3344 820 3418; x_wconf 85' lang='lat' dir='ltr'>sapientia</span> <span class='ocrx_word' id='word_1_301' title='bbox 844 3352 873 3400; x_wconf 90' lang='lat' dir='ltr'>et</span> <span class='ocrx_word' id='word_1_302' title='bbox 895 3343 997 3400; x_wconf 90' lang='lat' dir='ltr'>virtute</span> <span class='ocrx_word' id='word_1_303' title='bbox 1020 3341 1138 3416; x_wconf 88' lang='lat' dir='ltr'>gaudet,</span> 
     </span>
     <span class='ocr_line' id='line_1_33' title="bbox 80 3439 1137 3519; baseline -0.007 -17"><span class='ocrx_word' id='word_1_304' title='bbox 80 3443 172 3503; x_wconf 87' lang='lat' dir='ltr'>habet</span> <span class='ocrx_word' id='word_1_305' title='bbox 187 3442 368 3519; x_wconf 81' lang='lat' dir='ltr'>exploratum</span> <span class='ocrx_word' id='word_1_306' title='bbox 382 3444 443 3501; x_wconf 89' lang='lat' dir='ltr'>fore</span> <span class='ocrx_word' id='word_1_307' title='bbox 458 3462 489 3501; x_wconf 93' lang='lat' dir='ltr'>se</span> <span class='ocrx_word' id='word_1_308' title='bbox 504 3461 620 3518; x_wconf 91' lang='lat' dir='ltr'>semper</span> <span class='ocrx_word' id='word_1_309' title='bbox 634 3462 702 3499; x_wconf 90' lang='lat' dir='ltr'>cum</span> <span class='ocrx_word' id='word_1_310' title='bbox 716 3442 746 3498; x_wconf 94' lang='lat' dir='ltr'>in</span> <span class='ocrx_word' id='word_1_311' title='bbox 767 3440 908 3511; x_wconf 77' lang='lat' dir='ltr'>maximiS,</span> <span class='ocrx_word' id='word_1_312' title='bbox 925 3449 986 3496; x_wconf 91' lang='lat' dir='ltr'>tum</span> <span class='ocrx_word' id='word_1_313' title='bbox 1002 3439 1031 3496; x_wconf 94' lang='lat' dir='ltr'>in</span> <span class='ocrx_word' id='word_1_314' title='bbox 1046 3449 1137 3495; x_wconf 89' lang='lat' dir='ltr'>aeter-</span> 
     </span>
     <span class='ocr_line' id='line_1_34' title="bbox 81 3509 1182 3615; baseline -0.008 -15"><span class='ocrx_word' id='word_1_315' title='bbox 81 3541 126 3600; x_wconf 91' lang='lat' dir='ltr'>nis</span> <span class='ocrx_word' id='word_1_316' title='bbox 139 3540 347 3615; x_wconf 86' lang='lat' dir='ltr'>voluptatibus.</span> <span class='ocrx_word' id='word_1_317' title='bbox 390 3541 482 3598; x_wconf 89' lang='lat' dir='ltr'>Hunc</span> <span class='ocrx_word' id='word_1_318' title='bbox 503 3539 593 3597; x_wconf 90' lang='lat' dir='ltr'>deum</span> <span class='ocrx_word' id='word_1_319' title='bbox 615 3541 667 3596; x_wconf 90' lang='lat' dir='ltr'>rite</span> <span class='ocrx_word' id='word_1_320' title='bbox 690 3539 809 3597; x_wconf 91' lang='lat' dir='ltr'>beatum</span> <span class='ocrx_word' id='word_1_321' title='bbox 829 3536 994 3608; x_wconf 87' lang='lat' dir='ltr'>dixerimus,</span> <span class='ocrx_word' id='word_1_322' title='bbox 1009 3545 1136 3593; x_wconf 91' lang='lat' dir='ltr'>vestrum</span> <span class='ocrx_word' id='word_1_323' title='bbox 1145 3509 1182 3614; x_wconf 59' lang='lat'><strong>25¹2)</strong></span> 
     </span>
     <span class='ocr_line' id='line_1_35' title="bbox 80 3631 1138 3712; baseline -0.007 -15"><span class='ocrx_word' id='word_1_324' title='bbox 80 3656 151 3697; x_wconf 91' lang='lat' dir='ltr'>vero</span> <span class='ocrx_word' id='word_1_325' title='bbox 176 3636 443 3696; x_wconf 90' lang='lat' dir='ltr'>laboriosissimum.</span> <span class='ocrx_word' id='word_1_326' title='bbox 486 3638 550 3697; x_wconf 89' lang='lat' dir='ltr'>Sive</span> <span class='ocrx_word' id='word_1_327' title='bbox 566 3637 645 3694; x_wconf 87' lang='lat' dir='ltr'>enim</span> <span class='ocrx_word' id='word_1_328' title='bbox 667 3637 728 3712; x_wconf 89' lang='lat' dir='ltr'>ipse</span> <span class='ocrx_word' id='word_1_329' title='bbox 750 3634 877 3692; x_wconf 91' lang='lat' dir='ltr'>mundus</span> <span class='ocrx_word' id='word_1_330' title='bbox 900 3633 972 3691; x_wconf 91' lang='lat' dir='ltr'>deus</span> <span class='ocrx_word' id='word_1_331' title='bbox 998 3642 1050 3703; x_wconf 91' lang='lat' dir='ltr'>est,</span> <span class='ocrx_word' id='word_1_332' title='bbox 1066 3631 1138 3706; x_wconf 92' lang='lat' dir='ltr'>quid</span> 
     </span>
     <span class='ocr_line' id='line_1_36' title="bbox 41 3729 1136 3816; baseline -0.013 -17"><span class='ocrx_word' id='word_1_333' title='bbox 41 3757 68 3799; x_wconf 78' lang='lat' dir='ltr'>as</span> <span class='ocrx_word' id='word_1_334' title='bbox 80 3743 181 3812; x_wconf 89' lang='lat' dir='ltr'>potest</span> <span class='ocrx_word' id='word_1_335' title='bbox 203 3751 268 3794; x_wconf 85' lang='lat' dir='ltr'>esse</span> <span class='ocrx_word' id='word_1_336' title='bbox 288 3734 384 3794; x_wconf 81' lang='lat' dir='ltr'>minus</span> <span class='ocrx_word' id='word_1_337' title='bbox 399 3735 530 3816; x_wconf 82' lang='lat' dir='ltr'>quietum</span> <span class='ocrx_word' id='word_1_338' title='bbox 545 3752 634 3812; x_wconf 91' lang='lat' dir='ltr'>quam</span> <span class='ocrx_word' id='word_1_339' title='bbox 653 3733 733 3791; x_wconf 91' lang='lat' dir='ltr'>nullo</span> <span class='ocrx_word' id='word_1_340' title='bbox 755 3740 866 3807; x_wconf 86' lang='lat' dir='ltr'>puncto</span> <span class='ocrx_word' id='word_1_341' title='bbox 889 3730 1027 3805; x_wconf 90' lang='lat' dir='ltr'>temporis</span> <span class='ocrx_word' id='word_1_342' title='bbox 1051 3729 1136 3809; x_wconf 76' lang='lat' dir='ltr'>iqter-</span> 
     </span>
    </p>
   </div>
   <div class='ocr_carea' id='block_1_3' title="bbox 0 0 1232 4102">
    <p class='ocr_par' dir='ltr' id='par_1_3' title="bbox 0 0 1232 4102">
     <span class='ocr_line' id='line_1_37' title="bbox 0 0 1232 4102; baseline 0 0"><span class='ocrx_word' id='word_1_343' title='bbox 0 0 1232 4102; x_wconf 95' lang='lat' dir='ltr'> </span> 
     </span>
    </p>
   </div>
  </div>
 </body>
</html>
