2446 4102
85 250 124 329 38
410 263 459 312 ou
480 263 625 313 Naxum
648 263 806 314 DEORUM.

82 437 156 489 mus,
172 418 260 477 Cotta
274 417 385 490 viderit,
401 425 432 475 tu
451 425 550 475 autem
567 418 636 475 nolo
651 417 798 476 existimes
817 436 865 476 me
887 417 1052 476 adiutorem
1067 418 1135 478 huic

81 517 204 586 venisse,
221 514 274 572 sed
289 516 461 587 auditorem,
477 514 642 589 etquidem
663 533 799 589 aequum,
814 514 904 573 libero
923 515 1042 588 iudicio,
1057 517 1136 575 nulla

82 615 143 672 eius
159 613 240 671 modi
255 612 424 670 adstrictum
439 613 622 684 necessitate,
638 621 670 670 ut
691 612 771 684 mihi,
786 612 873 669 velim
888 613 987 686 nolim,
1004 614 1041 671 sit
1056 624 1135 672 certa

82 711 228 787 quaedam
243 710 352 768 tuenda
366 710 519 767 sententia.

43 780 69 887 183
121 812 198 867 Tum
220 809 347 866 Velleius
367 807 492 866 fidenter
511 825 590 878 sane,
610 802 641 865 ut
663 808 757 865 solent
776 807 831 879 isti,
851 807 923 866 nihil
941 801 1000 866 tam
1019 827 1132 882 verenS,
1153 834 1165 874 s

81 925 169 982 quarn
191 925 228 963 ne
252 904 384 963 dubitare
408 906 505 979 aliqua
530 903 568 962 de
593 923 623 961 re
648 904 802 976 videretur,
817 915 968 980 tamquam
991 906 1084 964 modo
1099 925 1136 965 ex

81 1004 204 1062 deorum
237 1004 362 1061 concilio
395 1011 423 1059 et
459 1021 496 1059 ex
532 1002 651 1076 Epicuri
686 1001 888 1060 intermundiis
921 1002 1134 1076 descendisset,

81 1102 197 1172 Audite,
223 1102 324 1175 inquit,
354 1118 414 1157 non
444 1100 541 1157 futtilis
571 1100 851 1173 commenticiasque
882 1101 1048 1172 sententias,
1074 1121 1136 1160 non

81 1200 219 1275 opificem
240 1198 517 1271 aedificatoremque
541 1196 652 1268 mundi,
676 1197 803 1254 Platonis
825 1196 862 1254 de
887 1198 1011 1256 Timaeo
1033 1199 1133 1273 deum,

80 1314 137 1354 nec
164 1314 253 1352 anum
275 1294 432 1365 fatidicam,
456 1294 620 1352 Stoicorum
648 1293 785 1369 πρόνοιαν,
814 1313 904 1369 quam
933 1297 1035 1353 Latine
1065 1298 1169 1356 licet10

80 1392 352 1468 providentiam
379 1391 486 1463 dicere,
503 1410 601 1466 neque
619 1410 689 1448 vero
706 1391 850 1449 mundum
870 1394 965 1467 ipsum
985 1395 1085 1452 animo
1105 1404 1134 1453 et

81 1490 211 1548 sensibus
232 1490 407 1564 praeditum,
419 1489 587 1560 rotundum,
604 1488 764 1560 ardentem,
779 1490 936 1548 volubilem
951 1491 1050 1563 deum,
1066 1510 1132 1567 por·

80 1596 161 1644 tenta
175 1597 203 1643 et
224 1587 362 1643 miracula
382 1605 443 1644 non
464 1586 669 1644 disserentium
690 1587 940 1662 philosophomm,
956 1587 1010 1646 sed
1024 1590 1132 1647 somni-

42 1699 68 1740 19
80 1686 199 1742 antium.
257 1684 371 1757 Quibus
399 1685 477 1741 enim
507 1684 598 1741 oculis
631 1682 752 1762 [animi]
784 1685 888 1742 intueri
915 1686 1011 1760 potuit
1038 1696 1134 1745 vester

81 1782 162 1839 Plato
186 1781 324 1839 fabricam
348 1782 426 1838 illam
451 1782 522 1838 tanti
547 1781 652 1856 operis,
677 1801 735 1856 qua
760 1782 890 1839 construi
914 1801 933 1839 a
957 1782 1015 1840 deo
1044 1794 1131 1860 atque
1145 1800 1168 1840 ιε

24 1888 27 1894 ’
80 1879 226 1937 aedificari
251 1877 395 1935 mundum
421 1879 508 1936 facit?
536 1897 611 1953 quae
635 1879 757 1951 moliti0,
779 1897 855 1953 quae
877 1879 1060 1954 ferramenta,
1082 1883 1132 1957 qui

79 1986 188 2047 vectes,
218 1994 293 2050 quae
321 1976 484 2047 machinae,
514 1977 564 2050 qui
592 1976 714 2033 ministri
742 1977 814 2034 tanti
842 1978 969 2036 muneris
997 1979 1133 2038 fuerunt?

80 2073 222 2149 quemad
243 2072 366 2131 modum
388 2084 486 2131 autem
501 2073 641 2131 oboedire
660 2083 689 2130 et
709 2092 810 2149 parere
824 2075 965 2133 voluntati
981 2076 1132 2135 architecti

79 2172 137 2243 aer,
152 2171 235 2246 ignis,
252 2189 336 2244 aqua,
352 2180 427 2228 terra
441 2172 619 2246 potuerunt?
638 2169 719 2228 unde
734 2189 803 2228 vero
824 2181 904 2229 ortae
922 2172 986 2229 illae
1002 2174 1131 2249 quinque

80 2269 199 2338 formae,
216 2286 252 2324 ex
272 2268 376 2341 quibus
397 2268 507 2342 reliqua
521 2268 687 2339 formantur,
703 2276 771 2342 apte
794 2267 933 2326 cadentes
948 2269 986 2326 ad
1001 2271 1131 2329 animum
1144 2293 1168 2321 ω

80 2365 270 2422 afficiendum
297 2365 513 2439 pariendosque
543 2365 665 2422 sensus?
720 2365 855 2440 Longum
883 2376 927 2424 est
954 2366 993 2452 ad
1022 2369 1131 2441 omnia,

80 2481 155 2538 quae
177 2463 245 2520 talia
266 2472 340 2533 sunt,
356 2473 387 2519 ut
409 2473 509 2537 optata
531 2464 622 2536 magis
637 2480 725 2536 quam
746 2463 864 2520 inventa
884 2464 1036 2522 videantur
1047 2485 1055 2538 3
1078 2465 1132 2524 sed

42 2562 127 2619 20illa
154 2562 301 2636 palmaria,
330 2560 421 2636 quod,
450 2561 499 2635 qui
527 2579 588 2617 non
621 2560 712 2618 modo
740 2571 841 2619 natum
869 2562 1012 2620 mundum
1041 2564 1130 2622 intro-

80 2658 202 2729 duxerit,
226 2657 277 2715 sed
303 2659 390 2715 etiam
417 2677 506 2714 manu
535 2675 629 2732 paene
651 2658 768 2729 factum,
792 2658 815 2715 is
844 2677 911 2716 eum
941 2659 1045 2718 dixerit
1069 2661 1130 2720 fore

80 2757 297 2830 sempiternum.
341 2757 432 2812 Hunc
454 2772 557 2811 censes
578 2754 687 2828 primiS,
706 2764 737 2812 ut
759 2754 872 2827 dicitur,
893 2756 978 2814 labris
999 2767 1130 2832 gustasse
1143 2783 1167 2822 ις

80 2852 301 2927 physiologiam,
325 2850 355 2909 id
379 2861 423 2909 est
450 2861 568 2909 naturae
597 2852 749 2923 rationem,
778 2852 829 2926 qui
856 2854 1023 2928 quicquam,
1048 2856 1131 2930 quod

79 2961 175 3007 ortum
194 2950 237 3021 sit,
253 2959 336 3023 putet
360 2959 510 3006 aeternum
535 2966 598 3005 esse
620 2950 728 3023 posse?
770 2950 854 3024 Quae
872 2960 916 3008 est
938 2952 1017 3008 enirn
1042 2971 1128 3028 coag-

79 3047 219 3104 mentatio
241 3065 301 3102 non
327 3046 522 3104 dissolubilis?
541 3056 591 3103 aut
616 3045 687 3120 quid
712 3058 764 3118 est,
781 3047 863 3105 cuius
887 3048 1064 3123 principium
1079 3051 1129 3108 ali-

79 3145 159 3219 quod
181 3145 226 3216 sit,
241 3143 312 3200 nihil
333 3144 368 3200 sit
390 3145 572 3200 extremum?
614 3145 747 3201 Pronoea
768 3163 836 3202 vero
857 3156 960 3217 vestra,
981 3147 1082 3218 Lucili,
1106 3149 1130 3206 si

79 3252 122 3300 est
143 3243 252 3313 eadem,
275 3240 380 3298 eadem
401 3242 525 3315 requiro,
548 3259 622 3314 quae
644 3242 732 3316 paulo
755 3253 830 3313 ante,
846 3243 1001 3314 ministros,
1017 3245 1127 3303 machi·
1143 3270 1168 3307 30

78 3359 138 3412 nas,
155 3358 275 3396 omnem
300 3340 386 3396 totius
402 3339 496 3412 operis
512 3339 750 3413 dissignationem
768 3351 855 3414 atque
870 3351 1061 3416 apparatum,
1084 3344 1129 3401 sin

78 3438 132 3494 alia
154 3447 205 3508 est,
222 3456 273 3493 cur
294 3437 444 3501 mortalem
467 3436 566 3492 fecerit
588 3436 742 3507 mundum,
757 3456 826 3508 non,
842 3456 930 3511 quem
946 3437 984 3495 ad
1005 3439 1128 3498 modum

39 3511 245 3616 RPlatonicus
274 3534 355 3604 deus,
380 3533 598 3608 sempiternum.
640 3534 686 3591 Ab
707 3544 830 3608 utroque
860 3546 957 3592 autem
987 3537 1128 3610 sciscitor,

77 3651 128 3688 cur
147 3631 250 3688 mundi
271 3631 470 3689 aedificatores
492 3640 612 3704 repente
633 3631 802 3703 exstiterint,
822 3632 1045 3690 innumerabilia
1066 3653 1128 3692 sae-

77 3730 123 3785 cla
145 3728 332 3802 dormierint,
354 3728 523 3799 nonenim,
546 3728 716 3786 simundus
744 3729 838 3786 nullus
860 3741 928 3802 erat,
951 3732 1047 3788 saecla
1067 3751 1130 3792 non
1142 3761 1167 3802 ³⁵
