2446 4102
353 254 420 305 rm.
435 253 487 304 m.
521 252 668 313 cmm,
678 253 764 304 xm.
797 254 829 319 ςς
839 269 929 319 Η
1106 262 1168 327 ¹49

112 409 305 488 lampades
324 409 485 481 fuerint’,
506 418 539 467 ut
552 409 593 468 ait
606 409 725 481 Accius,
740 411 793 468 ‘in
814 410 959 470 domum
979 422 1167 472 aeternam

112 511 245 588 patris’
261 528 298 566 ex
312 509 360 566 illo
375 507 479 565 ardore
496 508 660 582 pervenerit
669 529 679 580 3
700 527 789 583 quem
803 519 902 566 tamen
918 512 1068 568 Homerus
1087 510 1168 586 apud

112 609 222 668 inferos
243 605 393 665 conveniri
412 605 482 662 facit
502 605 541 663 ab
561 605 657 665 Uise.
676 606 752 663 sicut
772 618 895 665 eeteros.
911 609 962 681 qui
982 620 1167 666 excesserant

112 706 181 764 vita.
225 704 421 778 Quamquam,
436 720 526 777 quem
546 704 733 777 potissimum
754 704 917 761 Herculem
938 706 1078 767 colamus.
1093 706 1166 764 scire
1178 728 1205 769 u

79 821 92 861 ⁵
114 821 185 862 sane
199 802 304 873 velim;
326 801 415 876 pluris
429 801 508 857 enim
522 800 639 857 tradunt
656 801 741 857 nobis
756 800 785 871 ii,
799 802 850 874 qui
869 802 1020 860 interiores
1037 814 1166 861 scrutan-

113 911 160 958 tur
181 911 210 958 et
231 897 397 957 reconditas
420 898 536 968 litteras,
551 899 783 972 antiquissimum
806 899 877 955 Iove
898 910 1009 969 natum,
1024 900 1078 957 secl
1096 901 1168 959 item

115 1001 186 1057 love
202 999 420 1072 antiquissim03
443 1015 511 1053 nam
527 998 612 1053 loves
628 1014 746 1071 quoque
761 996 849 1071 pluris
868 998 897 1055 in
912 998 1014 1072 priscis
1036 1000 1166 1057 Graeco-

112 1116 178 1154 rum
193 1096 292 1153 litteris
306 1095 478 1152 invenimus,
513 1095 558 1151 Ex
572 1111 610 1150 eo
624 1094 709 1168 igitur
722 1103 753 1150 et
764 1093 902 1168 Lysithoe
916 1105 961 1151 est
975 1096 998 1152 is
1010 1097 1166 1168 Hercules,

113 1212 203 1269 quem
218 1193 430 1250 concertavisse
446 1210 513 1249 cum
528 1190 664 1265 Apolline
679 1190 717 1248 de
732 1191 848 1266 tripode
865 1194 1044 1267 accepimus.
1087 1194 1168 1251 Alter

74 1314 100 1341 ιο
113 1291 236 1349 traditur
264 1289 333 1348 Nilo
360 1300 444 1347 natus
472 1289 641 1363 Aegyptius,
667 1306 756 1362 quem
785 1289 865 1345 aiunt
893 1290 1031 1365 Phrygias
1058 1292 1167 1349 litteras

114 1389 331 1463 conscripsisse.
372 1387 487 1444 Tertius
506 1397 551 1443 est
570 1403 607 1442 ex
629 1385 726 1442 Idaeis
748 1386 863 1460 Digitis,
881 1387 929 1444 cui
950 1387 1065 1446 inferias
1086 1389 1140 1446 adl
1154 1423 1166 1432 -

113 1498 189 1545 runt.
233 1486 359 1559 Quartus
381 1485 459 1542 Iovis
480 1493 524 1541 est
543 1501 574 1540 et
591 1483 730 1554 Asteriae,
748 1484 878 1540 latonae
899 1486 1014 1555 sororis,
1034 1487 1085 1560 qui
1098 1487 1168 1563 Tyri

113 1585 240 1642 maxime
263 1584 375 1654 colitur,
397 1583 479 1639 cuius
502 1581 712 1655 Karthaginem
733 1581 822 1638 filiam
843 1582 947 1639 ferunt.
990 1582 1115 1655 Quintus
1137 1584 1168 1642 in

115 1682 210 1752 ludia,
227 1682 276 1756 qui
291 1680 377 1738 Belus
393 1680 508 1737 (licitur.
551 1679 654 1737 Sextus
673 1677 721 1734 hic
740 1696 777 1734 ex
791 1679 942 1750 Alcmena,
958 1698 1047 1754 quem
1066 1682 1166 1756 Iuppi-

76 1806 99 1843 ις
113 1790 158 1836 ter
178 1779 286 1853 genuit,
302 1777 356 1835 sed
377 1777 477 1834 tertius
497 1776 637 1851 Iuppiter,
653 1775 802 1849 quoniam,
818 1785 850 1833 ut
864 1776 923 1834 iam
937 1775 1064 1849 doeeb0,
1079 1778 1167 1852 pluris

115 1877 201 1933 Ioves
223 1876 311 1932 etiam
333 1874 511 1948 accepimus.

155 1972 284 2046 Quando
312 1972 391 2030 enim
415 1989 463 2028 me
487 1972 517 2028 in
542 1970 621 2028 hunc
649 1971 747 2027 locum
773 1968 896 2027 deduxit
923 1972 1024 2043 oratio,
1050 1950 1208 2058 doceboss

112 2071 234 2128 meliora
248 2089 295 2127 me
310 2069 448 2127 didicisse
464 2068 502 2126 de
518 2067 649 2125 colendis
664 2067 709 2124 dis
723 2068 924 2125 inmortalibus
939 2069 999 2125 iure
1014 2070 1167 2144 pontificio

112 2179 142 2227 et
163 2186 246 2225 more
269 2167 410 2224 maiorum
432 2165 643 2240 capedunculis
665 2165 707 2237 iis,
723 2183 795 2239 quas
818 2166 917 2222 Numa
938 2167 1022 2224 nobis
1044 2167 1166 2242 reliquit,

74 2297 99 2324 «ο
113 2267 151 2324 de
167 2267 272 2341 quibus
287 2266 316 2322 in
331 2265 379 2322 illa
392 2264 509 2321 aureola
523 2263 703 2320 oratiuncula
720 2262 792 2319 dicit
807 2263 930 2334 Laelius,
946 2282 1034 2338 quam
1049 2265 1166 2322 rationi-

111 2365 166 2423 bus
182 2364 353 2422 Stoicorum.
396 2362 425 2420 Si
447 2361 525 2418 enim
539 2379 591 2417 vos
613 2378 725 2434 sequar,
742 2360 799 2431 die,
816 2359 887 2434 quid
910 2361 937 2417 ei
958 2361 1165 2436 respondeam,

112 2463 163 2538 qui
185 2480 232 2518 me
252 2461 294 2518 sie
308 2470 409 2535 roget:
433 2458 508 2517 Sidi
529 2467 605 2529 sunt,
621 2468 726 2514 suntne
749 2458 836 2514 etiam
853 2458 1008 2532 Nymphae
1028 2457 1123 2517 deae?
1144 2458 1167 2517 si

113 2559 279 2635 Nymphae,
302 2557 417 2615 Panisci
439 2556 525 2613 etiam
545 2566 574 2612 et
595 2555 707 2630 Satyri?
749 2556 791 2612 Hi
813 2565 911 2611 autem
933 2574 993 2613 non
1015 2567 1080 2614 sunt
1091 2577 1100 2629 5
1128 2574 1166 2615 ne

113 2656 270 2732 Nymphae
289 2653 396 2732 [deae]
414 2654 535 2728 quidem
549 2653 654 2728 igitur?
695 2655 733 2710 At
752 2671 851 2709 earum
874 2653 983 2728 templa
1005 2663 1072 2712 sunt
1093 2654 1165 2729 pub·

72 2781 96 2818 ες
110 2756 167 2813 lice
183 2764 249 2811 vota
264 2763 292 2810 et
308 2752 452 2810 dedicata.
496 2751 543 2807 Ne
558 2750 648 2806 ceteri
665 2749 786 2824 quidem
801 2767 870 2824 ergo
892 2749 931 2821 di,
947 2769 1070 2825 quorum
1092 2762 1165 2809 tem·

111 2853 162 2929 pla
190 2861 256 2909 sunt
284 2849 442 2907 dedicata?
483 2851 544 2923 Age
573 2866 670 2922 porro,
698 2849 800 2904 Iovem
826 2857 855 2904 et
880 2849 1051 2922 Neptunum
1076 2849 1166 2907 deum

110 2968 266 3020 numeras;
282 2966 351 3023 ergo
366 2948 453 3004 etiam
469 2946 572 3016 Orcus,
589 2946 674 3002 frater
687 2964 797 3016 eorum,
813 2945 895 3016 deus,
909 2956 938 3001 et
952 2945 1000 3016 illi,
1012 2947 1061 3021 qui
1077 2947 1165 3005 fluere

111 3046 192 3123 apud
214 3046 320 3103 inferos
342 3045 486 3114 dicuntur,
502 3044 648 3113 Acheron,
672 3042 809 3118 CocytuS,
832 3042 1087 3118 Pyriphlegethon,
1103 3055 1165 3102 tum

112 3144 240 3215 Charon,
257 3154 318 3200 tum
333 3142 476 3201 Cerberus
492 3141 522 3198 di
537 3139 668 3215 putandi.
706 3143 743 3197 At
758 3140 788 3198 id
803 3139 924 3215 quidem
939 3141 1163 3215 repudiandum.
1178 3158 1202 3197 tr

73 3267 98 3304 30
112 3243 159 3299 Ne
175 3241 270 3300 Orcus
285 3239 405 3314 quidem
420 3240 512 3313 igitur.
546 3237 626 3311 Quid
642 3237 736 3294 dicitis
752 3256 821 3312 ergo
836 3237 874 3295 de
889 3238 1042 3296 fratribus?
1079 3241 1164 3297 Haec

111 3337 280 3397 Carneades
298 3338 402 3408 aiebat,
419 3355 478 3394 non
500 3345 532 3393 ut
553 3335 625 3392 deos
647 3335 759 3392 tolleret
779 3335 865 3411 (quid
887 3336 965 3392 enim
987 3335 1164 3411 philosopho

111 3437 206 3492 minus
222 3433 450 3508 conveniensi),
466 3432 518 3490 sed
533 3442 564 3489 ut
580 3432 692 3490 Stoicos
707 3433 777 3489 nihil
800 3432 837 3489 de
859 3432 903 3490 dis
926 3434 1069 3507 explicare
1092 3451 1162 3490 con·

110 3533 240 3591 vinceret
252 3553 260 3604 3
288 3532 386 3605 itaque
408 3530 622 3604 insequebatur.
666 3529 747 3602 Quid
769 3529 869 3587 enim?
892 3529 996 3601 aiebat,
1013 3531 1036 3588 si
1058 3530 1087 3587 hi
1109 3529 1161 3587 sra-

110 3640 168 3688 tres
193 3639 261 3686 sunt
286 3629 315 3685 in
339 3645 463 3685 numero
489 3626 621 3696 deorum,
646 3644 718 3683 num
743 3625 782 3684 de
807 3636 888 3700 patre
914 3644 1014 3683 eorum
1040 3627 1130 3685 Saturi

72 3751 97 3790 as
110 3726 210 3802 negari
224 3733 330 3802 potest,
346 3741 436 3800 quem
449 3723 536 3799 volgo
551 3721 676 3780 maxime
692 3723 793 3780 colunt
806 3721 845 3781 ad
860 3721 1068 3781 occidentem?
1103 3718 1118 3793 (
