2446 4102
367 286 433 336 LIB.
446 287 481 335 11.
515 287 577 336 Car.
592 289 685 341 XLIV.
718 288 748 351 ἐξ
763 300 882 351 112-114.
1089 288 1146 353 115

92 441 179 501 Hinc
193 451 292 500 autem
306 441 452 516 aspicitur,
1158 455 1195 495 113

175 557 225 616 Ut
245 573 324 614 sese
346 555 547 615 ostendens
569 558 723 632 emergit
744 557 917 631 Scorpios
939 557 1011 614 alte

177 654 387 712 Posteriore
409 653 557 711 trahens
579 654 725 729 plexum
745 655 779 711 vi
801 655 967 729 corporis
990 673 1126 726 arcum,

177 751 293 824 Quem
314 760 465 826 propter
486 751 609 808 nitens
630 751 753 825 pinnis
775 751 1009 809 convolvitur
1031 752 1130 811 Ales.

61 856 72 894 ⁵
176 851 222 907 At
241 857 393 923 propter
414 865 450 906 se
472 848 605 923 Aquila
625 848 772 906 ardenti
792 867 872 907 curn
893 866 1047 924 corpore
1069 867 1150 925 por·

94 1025 217 1086 Deinde
233 1025 406 1100 Delphinus,
902 956 969 1005 tat·

179 1156 321 1214 Exinde
344 1157 458 1215 Orion
479 1157 632 1233 obliquo
654 1176 808 1233 corpore
830 1158 969 1218 nitens,

95 1290 197 1363 Quem
212 1287 393 1363 subsequens

57 1439 82 1466 το
179 1419 357 1478 Fervidus
379 1419 442 1478 ille
464 1420 574 1479 Canis
597 1420 786 1479 stellarum
807 1421 889 1478 luce
910 1422 1085 1496 refulget.

95 1553 168 1612 Post
183 1508 282 1626 Lepus
296 1552 482 1627 subsequitur

179 1682 412 1741 Curriculum
434 1701 627 1758 numquam
649 1682 796 1742 defesso
818 1701 972 1759 corpore
994 1682 1142 1741 sedans.

180 1780 225 1837 At
240 1780 349 1838 Canis
367 1780 410 1838 ad
433 1779 585 1838 caudam
606 1799 757 1855 serpens
779 1781 1153 1855 prolabiturArgo....

183 1879 288 1935 Hanc
310 1878 413 1935 Aries
430 1879 528 1953 tegit
549 1888 584 1935 et
605 1896 799 1952 squamoso
821 1897 975 1952 corpore
998 1878 1123 1936 Pisces

60 1997 84 2035 ιε
181 1975 361 2033 Fluminis
382 1975 530 2032 inlustri
551 1985 762 2050 tangentem
784 1994 938 2051 corpore
960 1977 1072 2050 ripas

98 2106 200 2182 Quem
214 2106 301 2181 longe
316 2117 483 2182 serpentem
497 2116 527 2165 et
540 2117 708 2164 manantem
722 2107 846 2183 aspicies

593 2256 821 2312 proceraque
842 2238 974 2295 Vincla
993 2237 1153 2311 videbis,

182 2334 284 2408 Quae
324 2335 488 2393 retinent
520 2336 645 2394 Pisces
680 2335 877 2393 caudarum
912 2355 929 2392 a
964 2345 1067 2410 parte
1102 2336 1154 2394 lo·

907 2443 1047 2491 cata....

60 2547 86 2576 ω
182 2527 276 2587 Inde
297 2529 423 2604 Nepae
445 2548 573 2588 cernes
595 2540 745 2605 propter
765 2530 942 2604 fulgentis
964 2548 1117 2588 acumen

182 2628 297 2696 Aram,
319 2644 423 2701 quam
444 2627 534 2685 flatu
556 2628 762 2702 permulcet
783 2628 935 2702 spiritus
958 2628 1087 2686 austri.

99 2742 283 2816 Propterque
297 2741 460 2799 Centaurus

182 2853 293 2913 Cedit
308 2856 401 2931 Equi
422 2856 536 2930 partis
557 2873 754 2931 properans
776 2856 997 2930 subiungere
1014 2855 1154 2915 Chelis

182 2951 256 3009 Hic
291 2950 456 3010 dextram
490 2971 664 3029 porgens,
700 2953 909 3029 quadrupes
952 2972 1021 3028 qna
1054 2964 1156 3012 vasta

61 3081 86 3121 ²5
906 3061 1066 3122 tenetur,

181 3145 318 3204 Tendit
337 3156 372 3205 et
391 3147 582 3206 inlustrem
602 3148 834 3206 truculentus
854 3148 954 3206 cedit
974 3148 1017 3206 ad
1032 3151 1155 3224 Aram3

182 3238 256 3295 Hic
277 3256 356 3296 sese
378 3239 533 3297 infernis
555 3257 571 3297 e
593 3239 760 3314 partibus
781 3240 890 3314 erigit
913 3239 1053 3315 Hydra,

100 3351 184 3409 cuius
199 3351 286 3426 longe
301 3370 407 3428 corpus
422 3362 466 3411 est
480 3353 585 3425 fusum,

182 3466 225 3523 In
247 3466 442 3542 medioque
465 3468 545 3524 sinu
566 3468 710 3543 fulgens
733 3469 884 3527 Cratera
904 3470 1060 3528 relucet.

60 3589 87 3628 30
183 3564 391 3622 Extremam
412 3565 533 3623 nitens
555 3566 717 3640 plumato
739 3584 894 3640 corpore
917 3568 1054 3625 Corvus

182 3661 313 3719 Rostro
334 3662 470 3733 tundit,
493 3672 527 3720 et
548 3664 607 3720 hic
629 3665 793 3721 Geminis
819 3673 873 3720 est
895 3664 956 3720 ille
979 3666 1043 3722 sub
1065 3665 1155 3740 ipsis

181 3759 276 3817 Ante
296 3760 445 3832 Canem,
466 3760 632 3837 Προκύων
652 3762 762 3819 Graio
783 3762 842 3835 qui
865 3762 1010 3818 nomine
1029 3762 1154 3821 fertur.
