2446 4102
312 234 429 289 tran.
465 236 738 289 cavrrxrv-rxvr.
775 240 805 305 §5
827 240 946 291 remae.
1112 244 1124 291 r
1132 244 1168 309 31

115 390 261 464 dendum,
277 392 374 463 Cotta,
387 393 455 468 quia
469 392 637 452 Carneades
651 394 784 453 lubenter
797 395 828 453 in
843 396 956 455 Stoicos
971 397 1170 470 invehebatur,

115 490 257 561 Velleius,
272 490 342 565 quia
363 490 434 547 nihil
455 499 515 547 tam
537 490 643 549 inridet
664 492 808 566 Epicurus
830 511 917 568 quam
939 495 1171 568 praedictionem

113 605 212 645 rerum
231 587 400 658 futurarum,
415 588 486 645 mihi
500 586 614 646 videtur
627 588 673 646 vel
695 608 831 647 maxume
853 591 1026 648 confirmare
1048 592 1170 651 deorum

114 684 302 760 providentia
316 684 428 742 consuli
442 685 527 742 rebus
544 683 686 743 humanis.
730 687 783 743 Est
804 688 883 744 enim
904 689 1037 762 prolecto
1059 690 1169 747 divina·

82 807 95 847 5
114 782 166 853 tio,
182 798 259 858 quae
281 781 377 838 multis
398 781 479 852 locis,
495 782 590 853 rebus,
605 783 784 857 temporibus
805 795 926 859 apparet
946 804 1013 842 curn
1032 784 1094 864 [in]
1113 789 1168 862 pri-

114 879 188 937 vatis
209 888 273 937 turn
294 896 430 936 maxume
451 878 583 954 publicis.
626 879 721 937 Multa
742 890 866 938 cernunt
887 882 1064 957 haruspices,
1079 886 1213 942 multaret

114 995 240 1052 augures
264 976 428 1052 provident,
454 977 545 1034 multa
569 977 673 1035 oraclis
701 977 892 1050 declarantur,
918 980 1008 1037 multa
1031 982 1168 1039 vaticina·

114 1074 254 1146 tionibus,
269 1073 360 1131 multa
373 1074 503 1145 somniis,
519 1073 610 1131 multa
624 1075 774 1148 portentis,
790 1076 894 1149 quibus
917 1078 1040 1152 cognitis
1061 1079 1168 1136 multae

113 1189 205 1247 saepe
228 1188 274 1229 res
296 1190 334 1228 ex
355 1170 508 1228 hominum
531 1171 675 1228 sententia
695 1181 783 1246 atque
805 1173 927 1230 utilitate
948 1186 1057 1248 partae,
1079 1177 1169 1233 multa

75 1295 101 1322 ιο
114 1270 205 1326 etiarn
220 1268 350 1344 pericula
364 1267 486 1343 depulsa
499 1278 574 1326 sunt.
618 1269 704 1326 Haec
720 1269 805 1343 igitur
826 1271 885 1328 sive
899 1272 942 1329 vis
963 1273 1021 1330 sive
1043 1292 1087 1332 ars
1109 1275 1167 1332 sive

114 1376 219 1424 natura
233 1364 271 1423 ad
288 1366 441 1424 scientiam
461 1384 557 1423 rerum
579 1365 736 1423 futurarum
760 1367 871 1424 homini
893 1369 1025 1443 prolecto
1047 1380 1089 1428 est
1111 1389 1168 1429 nec

114 1463 163 1521 alii
178 1463 317 1538 cuiquam
330 1481 349 1520 a
363 1463 407 1521 dis
422 1463 620 1521 inmortalibus
636 1462 714 1521 data.
758 1463 843 1538 Quae
859 1466 883 1523 si
897 1466 1007 1541 singula
1022 1486 1074 1525 vos
1095 1469 1168 1527 forte

113 1578 177 1619 non
191 1570 320 1633 movent,
336 1560 469 1618 universa
483 1570 561 1618 certe
584 1570 683 1618 tamen
705 1561 780 1618 inter
800 1580 832 1620 se
854 1580 967 1621 conexa
988 1574 1074 1639 atque
1096 1583 1167 1624 con-

114 1659 217 1716 iuncta
230 1675 348 1716 movere
362 1657 522 1716 debebunt.

74 1785 99 1821 ις
156 1756 224 1813 Nec
238 1773 308 1814 vero
322 1756 456 1813 universo
471 1755 570 1830 generi
584 1755 736 1813 hominum
752 1757 855 1829 solum,
871 1757 924 1815 sed
944 1759 1031 1816 etiam
1050 1760 1211 1835 singulisne

114 1853 193 1912 adis
207 1854 406 1912 inmortalibus
421 1853 533 1911 consuli
552 1864 582 1911 et
602 1853 748 1928 provideri
770 1855 851 1912 solet.
895 1856 978 1913 Licet
999 1857 1076 1913 enim
1096 1875 1166 1915 con·

113 1951 229 2009 trahere
257 1952 472 2010 universitatem
499 1951 613 2026 generis
648 1950 768 2009 humani
802 1970 926 2027 eamque
958 1953 1099 2028 gradatim
1128 1954 1167 2012 ad

112 2048 277 2124 pauciores,
300 2058 449 2124 postremo
472 2047 620 2107 deducere
643 2047 681 2105 ad
704 2049 840 2124 singulos.
883 2051 961 2107 Nam
984 2051 1008 2109 si
1030 2053 1165 2110 omnibus
1173 2053 1210 2107 66

113 2146 291 2217 hominibus,
308 2146 357 2221 qui
377 2146 486 2220 ubique
508 2155 574 2204 sunt
596 2163 781 2221 quacumque
803 2147 833 2204 in
855 2165 906 2205 ora
927 2166 961 2205 ac
980 2160 1061 2223 parte
1079 2159 1166 2206 terra·

73 2273 100 2299 ω
113 2262 179 2302 rum
208 2243 245 2301 ab
273 2243 393 2301 huiusce
422 2253 523 2314 terrae,
553 2261 641 2317 quarn
669 2261 723 2300 nos
756 2244 918 2315 incolimus,
948 2247 1166 2304 continuatione

113 2339 295 2412 distantium,
310 2339 382 2398 deos
404 2340 555 2398 consulere
577 2357 731 2397 censemus
752 2341 792 2398 ob
813 2359 862 2398 eas
883 2359 995 2413 causas,
1011 2360 1082 2417 quas
1099 2353 1167 2401 ante

113 2420 251 2509 diximus,
275 2437 318 2495 his
341 2455 458 2513 quoque
482 2437 648 2495 hominibus
675 2436 838 2508 consulunt,
863 2439 913 2513 qui
938 2439 989 2497 has
1014 2440 1167 2498 nobiscum

112 2544 204 2593 terras
219 2535 257 2594 ab
271 2535 382 2593 oriente
397 2533 436 2591 ad
450 2533 637 2592 occidentem
653 2534 762 2591 colunt.
805 2535 855 2592 Sin
876 2545 974 2593 autem
994 2536 1040 2593 llis
1061 2551 1211 2595 consu-165

112 2633 185 2704 lunt,
201 2632 252 2707 qui
273 2632 355 2707 quasi
375 2649 511 2706 magnam
532 2631 680 2707 quandam
702 2632 825 2688 insulam
848 2632 987 2704 incolunt,
1003 2651 1090 2708 quarn
1112 2653 1166 2693 nos

72 2730 218 2800 2501'bem
240 2739 331 2787 terrae
354 2747 502 2800 vocamus,
526 2729 615 2786 etiam
638 2729 691 2786 illis
716 2729 880 2801 consulunt,
904 2730 954 2804 qui
980 2740 1077 2806 partes
1105 2733 1166 2790 eius

111 2826 225 2885 insulae
253 2834 363 2899 tenent,
392 2828 551 2902 Europam,
580 2827 688 2897 Asiam,
717 2827 853 2884 Africam.
903 2828 981 2902 Ergo
1010 2837 1039 2885 et
1067 2847 1166 2886 earum

111 2935 211 3001 partes
239 2923 371 3000 diligunt,
400 2933 431 2982 ut
459 2925 597 2995 Romam,
626 2924 764 2994 Athenas,
794 2925 934 2998 Spartam,
961 2924 1111 2996 Rhodum,
1137 2936 1166 2984 et

112 3041 214 3081 earum
228 3021 343 3080 urbium
357 3021 511 3096 separatim
526 3021 563 3078 ab
578 3020 715 3078 universis
731 3021 858 3096 singulos
874 3022 1005 3097 diligunt,
1021 3033 1052 3080 ut
1067 3024 1165 3098 Pyrrhi

82 3156 85 3163 ·
109 3119 191 3179 bello
214 3119 343 3191 Curium,
363 3119 538 3190 Fabricium,
560 3118 787 3189 Coruncanium,
810 3120 904 3194 primo
927 3120 1037 3177 Punico
1060 3121 1164 3179 Calati-

72 3247 99 3286 30
111 3236 195 3289 num,
212 3216 369 3289 Duellium,
385 3216 547 3301 Metellum,
564 3216 721 3287 Lutatium,
736 3215 868 3274 secundo
888 3219 1071 3289 Maxumum,
1088 3221 1165 3276 Mar-

111 3314 229 3386 cellum,
258 3313 436 3387 Africanum,
464 3324 532 3389 post
566 3313 620 3371 hos
655 3314 785 3386 Paulum,
815 3315 991 3386 Gracchum,
1021 3317 1166 3374 Catonem

111 3422 265 3488 patrumve
286 3412 428 3470 memoria
450 3411 627 3486 Scipionem,
651 3410 782 3468 Laelium
794 3432 801 3483 ;
830 3412 995 3487 multosque
1018 3423 1166 3488 praeterea
1218 3402 1222 3409 ’

112 3519 143 3568 et
163 3519 263 3568 nostra
283 3509 383 3568 civitas
402 3518 432 3567 et
446 3509 571 3567 Graecia
585 3508 648 3566 tulit
663 3508 819 3582 singulares
835 3509 918 3581 viros,
934 3528 1057 3583 quorum
1074 3511 1164 3568 nemi-

112 3625 183 3665 nem
203 3606 259 3665 nisi
280 3606 395 3664 iuvante
418 3605 476 3664 deo
498 3606 584 3663 talem
599 3606 686 3663 fuisse
701 3604 884 3663 credendum
899 3616 950 3664 est.
994 3608 1078 3681 Quae
1093 3609 1164 3665 ratio
1172 3614 1209 3658 1oe

76 3730 99 3770 rs
112 3705 217 3782 poetas
239 3721 434 3781 maxumeque
457 3704 624 3763 Homerum
644 3703 757 3779 inpulit,
780 3713 811 3761 ut
831 3704 1011 3780 principibus
1033 3704 1163 3780 heroum,
