2446 4102
337 239 404 290 tra.
416 239 452 289 11.
486 238 777 289 caaxxvur-xxx.
812 237 843 302 §a
858 239 947 302 ⁶975·
1035 193 1041 200 ⁸
1108 239 1164 285 ror

115 403 213 454 autern
229 394 351 454 deorum
366 403 410 453 est
424 394 552 470 optimus
566 393 704 468 idemque
719 393 894 451 castissimus
915 402 1002 466 atque
1025 391 1167 450 sanctissi-

115 511 180 550 mus
204 493 447 568 plenissimusque
472 492 596 566 pietatis
618 501 649 548 ut
672 509 722 548 eos
747 508 863 564 semper
887 508 968 564 pura,
991 491 1110 564 integra,
1126 491 1168 547 in·

116 600 253 665 corrupta
271 600 300 648 et
320 599 418 647 mente
438 599 467 646 et
486 606 560 645 voce
581 606 760 645 veneremur.
804 589 874 644 Non
899 588 978 644 enim
1002 588 1169 662 philosophi

115 691 220 760 solum,
240 708 341 748 verum
364 690 453 746 etiarn
477 688 598 745 maiores
622 688 711 744 nostri
734 687 967 761 superstitionem
991 705 1008 742 a
1031 688 1168 762 religione

85 803 96 843 s
116 796 329 861 separaverunt,
373 787 451 844 Nam
466 785 515 859 qui
530 794 607 842 totos
623 784 685 841 dies
703 784 896 858 precabantur
919 794 948 840 et
969 784 1167 853 immolabant,
1182 793 1206 833 72

115 895 148 941 ut
163 885 217 942 sibi
232 884 275 941 sui
288 885 369 942 liberi
392 883 559 958 superstites
578 892 683 952 essent,
699 881 958 956 superstitiosi
981 891 1047 938 sunt
1070 881 1169 956 appel·

116 981 175 1052 lati,
191 980 271 1054 quod
287 998 395 1038 nomen
413 980 505 1054 patuit
528 988 630 1053 postea
653 979 754 1049 latius3
777 978 826 1052 qui
849 988 947 1035 autem
971 980 1078 1048 omnia,
1094 996 1169 1052 quae

116 1078 155 1137 ad
178 1078 287 1136 cultum
313 1078 437 1136 deorum
461 1077 646 1151 pertinerent,
662 1075 815 1150 diligenter
836 1086 1023 1132 retractarent
1046 1087 1075 1133 et
1098 1086 1170 1132 tanr-

116 1194 207 1251 quam
229 1177 397 1250 relegerent,
423 1183 490 1232 sunt
514 1173 585 1230 dicti
609 1174 777 1247 religiosi
805 1191 841 1230 ex
869 1174 1035 1248 relegendo,
1056 1184 1087 1229 nt
1112 1174 1170 1230 ele-

80 1285 220 1349 rogantes
248 1291 285 1330 ex
312 1271 457 1348 eligendo,
483 1289 519 1328 ex
547 1269 696 1345 diligendo
725 1270 886 1345 diligentes,
911 1289 947 1327 ex
975 1270 1170 1345 intellegendo

116 1372 325 1446 intellegentes.
370 1371 426 1427 His
455 1369 534 1426 enim
558 1369 588 1424 in
613 1368 706 1425 verbis
732 1370 867 1426 omnibus
892 1369 966 1425 inest
990 1369 1032 1425 vis
1055 1368 1171 1442 legendi

116 1468 233 1540 eadem,
248 1486 323 1542 quae
338 1467 525 1541 inreligioso.
569 1466 614 1523 Ita
635 1465 744 1522 facturn
758 1476 801 1523 est
815 1467 844 1522 in
860 1467 1057 1540 superstitioso
1079 1476 1108 1523 et
1128 1484 1171 1522 re-

116 1566 221 1641 ligioso
245 1566 366 1623 alterurn
391 1564 451 1621 vitii
474 1581 591 1634 nornen,
618 1563 738 1619 alterum
761 1562 863 1620 laudis.
907 1565 950 1619 Ac
976 1563 1046 1619 mihi
1071 1562 1173 1620 videor

117 1665 186 1722 satis
209 1672 239 1721 et
261 1681 325 1721 esse
348 1662 430 1733 deos,
452 1671 481 1718 et
502 1661 601 1736 quales
623 1670 728 1732 essent,
750 1660 921 1718 ostendisse.

81 1788 104 1826 ις
160 1761 328 1818 Proximum
350 1769 402 1831 est,
418 1769 449 1816 ut
464 1758 588 1816 doceam
603 1757 727 1815 deorum
748 1758 931 1832 providentia
952 1757 1096 1815 mundum
1119 1747 1216 1855 αεὶ-ἓξ

118 1858 280 1916 ministrari.
323 1858 449 1931 Magnus
467 1873 535 1913 sane
559 1855 640 1912 locus
656 1865 699 1913 est
722 1865 751 1912 et
774 1856 913 1925 avestris,
930 1856 1026 1926 Cotta,
1042 1866 1171 1926 vexatus,

118 1974 154 2013 ac
176 1955 313 2012 nimirum
327 1954 479 2012 vobiscum
494 1971 581 2011 omne
606 1962 754 2010 certamen
776 1962 828 2010 est.
872 1954 950 2010 Nam
964 1953 1055 2025 vobis,
1070 1953 1171 2024 Vellei,

119 2039 215 2110 minus
237 2061 341 2109 notum
366 2060 419 2122 est,
444 2069 532 2124 quern
558 2050 596 2107 ad
622 2049 745 2107 modurn
769 2049 899 2125 quidque
924 2048 1054 2123 dicatur,
1079 2061 1174 2108 vestra

119 2151 198 2208 enim
213 2150 309 2208 solum
329 2149 431 2224 legitis,
447 2157 541 2206 vestra
561 2149 673 2218 amatis,
690 2158 803 2206 ceteros
825 2167 913 2205 causa
935 2149 1082 2222 incognita
1103 2167 1173 2206 con-

82 2247 275 2306 aodemnatis.
316 2247 403 2304 Velut
417 2264 435 2302 a
448 2254 478 2302 te
492 2245 557 2320 ipso
579 2245 716 2302 hesterno
731 2244 779 2302 die
800 2243 912 2302 dictum
935 2256 979 2303 est
1000 2265 1089 2302 anum
1112 2246 1174 2303 fati-

119 2344 218 2403 dicam
233 2342 364 2419 πρόνοιαν
377 2361 395 2400 a
409 2342 511 2400 Stoicis
526 2341 636 2413 induci,
652 2341 682 2399 id
704 2351 747 2399 est
768 2342 990 2416 providentiam.
1033 2343 1123 2416 Quod
1138 2361 1175 2402 eo

119 2459 215 2500 errore
240 2439 345 2512 dixisti,
369 2440 437 2515 quia
460 2441 616 2497 existumas
642 2440 678 2497 ab
705 2440 737 2496 iis
762 2439 974 2514 providentiam
1000 2441 1069 2514 fingi
1094 2443 1176 2515 quasi

118 2538 270 2615 quandam
284 2536 372 2596 deam
386 2538 568 2613 singularem,
584 2556 658 2612 quae
680 2536 823 2594 mundum
845 2555 963 2595 ornnem
986 2539 1128 2612 gubernet
1147 2548 1176 2596 et

118 2646 220 2713 regat;
242 2635 296 2694 sed
317 2634 348 2694 id
369 2636 498 2710 praecise
520 2635 634 2693 dicitur.
677 2636 727 2705 Ut,
743 2635 766 2692 si
781 2635 845 2709 quis
860 2634 939 2693 dicat
954 2636 1175 2693 Atheniensium
1188 2652 1214 2695 74

81 2765 105 2802 ,ς
119 2754 183 2793 rem
207 2733 354 2808 publicam
380 2733 501 2791 consilio
526 2733 596 2808 regi,
622 2732 698 2790 desit
722 2730 793 2789 illud
818 2733 980 2807 ‘Areopagi
992 2735 1007 2805 ³,
1031 2733 1081 2803 sic,
1107 2752 1175 2790 cum

120 2831 247 2890 dicimus
278 2829 461 2905 providentia
493 2814 637 2888 mundum
672 2829 872 2900 administrari,
902 2829 1004 2887 deesse
1040 2831 1175 2888 arbitrato

121 2929 264 2987 ‘deorum
276 2930 302 3001 ’5
323 2927 410 3003 plene
426 2938 524 2986 autern
539 2938 568 2986 et
588 2929 716 3004 perfecte
740 2928 785 2986 sic.
796 2927 855 2985 dici
876 2929 1058 2986 existimato:
1082 2930 1175 3003 provi-

120 3027 223 3086 dentia
246 3024 368 3084 deorum
396 3025 540 3084 mundum
566 3026 766 3084 administrari.
812 3028 856 3083 Ita
879 3026 968 3084 salem
997 3027 1093 3097 istum,
1117 3045 1175 3101 quo

121 3134 202 3183 caret
224 3132 318 3181 vestra
339 3124 428 3196 natio,
451 3127 482 3182 in
506 3124 667 3182 inridendis
692 3125 777 3182 nobis
803 3124 924 3181 nolitote
950 3142 1131 3195 consumere,
1148 3134 1176 3181 et

84 3256 108 3293 30
122 3221 279 3294 mehercle,
294 3222 318 3280 si
341 3241 388 3279 me
412 3221 543 3292 audiatis,
559 3241 596 3279 ne
622 3222 811 3296 experiamini
835 3221 955 3295 quidem
967 3243 974 3294 ;
996 3241 1056 3279 non
1079 3220 1175 3291 decet,

122 3340 183 3379 non
206 3319 307 3378 datum
333 3329 385 3392 est,
401 3338 461 3378 non
486 3320 615 3395 potestis.
659 3320 724 3377 Nec
741 3338 810 3377 vero
840 3320 897 3377 hoc
922 3320 952 3376 in
977 3329 1005 3376 te
1031 3319 1175 3389 convenit,

122 3438 213 3477 unum
242 3418 371 3476 moribus
396 3417 565 3475 domesticis
588 3436 623 3474 ac
648 3427 812 3475 nostrorum
838 3417 991 3474 hominum
1015 3417 1176 3474 urbanitate

122 3517 263 3586 limatum,
279 3513 332 3572 sed
347 3533 416 3571 curn
430 3514 460 3571 in
477 3514 602 3588 reliquos
617 3523 735 3582 vestros
751 3524 812 3571 turn
835 3514 864 3570 in
885 3533 953 3571 eum
977 3513 1111 3584 maxime,
1127 3513 1177 3587 qui

121 3615 177 3672 ista
204 3612 327 3688 peperit,
350 3610 502 3669 hominem
530 3611 591 3668 sine
617 3621 686 3681 arte,
712 3612 773 3668 sine
802 3611 910 3681 litteris,
933 3611 1118 3668 insultantem
1147 3611 1177 3668 in

85 3739 109 3780 ³⁵
122 3728 238 3783 omnes
253 3709 316 3768 sine
338 3709 474 3767 acumine
496 3708 564 3780 ullu,
579 3709 641 3766 sine
664 3707 844 3779 auctoritate,
863 3708 924 3766 sine
947 3708 1056 3783 lepore,
1099 3690 1221 3799 Dico37?
