2446 4102
344 263 410 311 nra.
428 263 463 311 rr.
498 262 558 311 cir.
571 263 629 322 xx,
641 263 714 312 xxi.
748 263 804 328 §55
841 275 880 329 57·
1094 264 1134 332 95

78 435 116 476 ea
130 416 263 493 Στίλβων
282 417 443 492 appellatur
456 436 474 474 a
488 418 608 476 Graecis
620 437 627 488 ;
645 434 720 490 quae
731 435 809 474 anno
825 419 883 475 sere
897 427 1028 476 vertente
1051 419 1136 494 signi·

77 515 172 572 serum
186 515 286 572 lustrat
301 515 403 572 orbem
418 533 514 589 neque
537 533 554 570 a
575 515 636 572 sole
657 515 771 589 longius
793 533 933 589 umquam
956 517 1040 572 unius
1064 517 1137 591 signi

76 612 229 670 intervallo
258 611 382 669 discedit
410 621 472 669 tum
496 622 687 682 antevertens,
712 622 774 669 tum
799 613 989 687 subsequens.
1033 613 1138 671 Infima

77 719 122 767 cst
146 709 275 784 quinque
302 709 457 766 errantium
480 719 631 782 terraeque
654 709 787 783 proxima
810 710 892 766 stella
912 711 1043 781 Veneris,
1062 729 1136 784 quae

40 831 53 869 ⁵
76 805 236 880 Φωσφόρος
264 807 388 876 Graece,
419 807 535 864 Lucifer
563 807 665 864 Latine
694 805 808 877 dicitur,
838 824 905 862 cum
941 808 1139 882 antegreditur

76 904 181 973 solem,
196 921 266 960 cum
280 903 464 978 subsequitur
477 914 584 974 autem,
600 900 762 978 Ἕσπερος;
785 921 820 960 ea
835 922 950 961 cursum
973 923 1050 963 anno
1066 925 1137 964 con-

75 1000 140 1056 ficit
154 1009 183 1056 et
197 999 381 1057 latitudinem
395 1000 517 1058 lustrans
533 1001 660 1075 signiferi
681 1001 758 1058 orbis
773 1011 803 1057 et
817 1001 1038 1075 longitudinem,
1055 1002 1138 1077 quod

76 1096 158 1153 idem
174 1097 282 1154 faciunt
297 1098 394 1154 stellae
410 1098 581 1172 superiores,
598 1115 694 1171 neque
717 1116 856 1172 umquam
878 1099 915 1156 ab
936 1100 997 1157 sole
1012 1099 1137 1158 duorum

76 1193 227 1268 signorum
248 1193 396 1254 intervallo
417 1194 530 1269 longius
552 1194 678 1251 discedit
698 1203 760 1251 tum
782 1196 970 1267 antecedens,
985 1205 1047 1253 turn
1070 1199 1136 1255 sub-

35 1315 62 1342 10
77 1308 213 1365 sequens.
257 1292 346 1348 Hanc
361 1291 447 1366 igitur
467 1292 497 1349 in
519 1292 606 1348 stellis
628 1292 831 1363 constantiam,
847 1293 924 1350 hanc
944 1302 1054 1351 tantam
1075 1278 1178 1384 tamis}

76 1388 161 1445 variis
176 1388 306 1465 cursibus
321 1389 351 1445 in
365 1389 446 1446 omni
464 1389 638 1446 aeternitate·
648 1390 882 1446 convenientiam
895 1392 1062 1464 'temporum
1077 1409 1136 1449 non

76 1502 198 1560 possum
212 1485 379 1559 intellegere
397 1485 458 1543 sine
476 1496 582 1556 mente,
598 1486 718 1557 ratione,
736 1487 866 1544 consilio.
910 1487 994 1560 Quae
1016 1506 1084 1544 cum
1106 1488 1136 1545 in

77 1580 220 1638 sideribus
235 1582 330 1639 inesse
345 1581 506 1652 videamus
521 1600 581 1639 non
597 1601 752 1657 possumus
768 1601 803 1640 ea
817 1584 879 1658 ipsa
893 1601 952 1640 non
968 1585 997 1641 in
1012 1584 1136 1642 deorum

77 1696 201 1736 numero
215 1696 366 1753 reponere.
409 1680 476 1737 Nec
490 1697 558 1737 vero
574 1698 627 1737 eae
643 1681 750 1751 stellae,
765 1697 841 1754 quae
856 1681 1013 1738 inerrantes
1028 1699 1135 1738 vocan-

39 1795 63 1834 ιε
77 1784 133 1847 tur,
148 1793 209 1833 non
223 1775 387 1850 significant
402 1776 528 1834 eandem
543 1786 673 1834 mentem
695 1787 782 1851 atque
803 1776 997 1851 prudentiam,
1013 1795 1135 1851 quarum

78 1883 122 1931 est
151 1872 299 1930 cotidiana
327 1874 506 1932 conveniens
534 1885 730 1948 constansque
755 1875 916 1944 conversio,
942 1892 998 1931 nec
1027 1875 1135 1933 habent

78 1972 224 2031 aetherios
252 1991 353 2031 cursus
381 1991 478 2048 neque
503 1973 584 2030 caelo
609 1972 801 2042 inhaerentes,
824 1980 856 2028 ut
878 1972 1008 2046 plerique
1033 1971 1136 2030 dicunt

77 2071 226 2146 physicae
236 2071 355 2128 rationis
369 2071 470 2146 ignari.
513 2071 583 2128 Non
598 2079 642 2127 est
657 2069 735 2126 enim
750 2068 873 2126 aetheris
888 2086 924 2125 ea
937 2078 1047 2140 natura,
1063 2078 1094 2126 ut
1107 2070 1136 2128 vi

78 2186 132 2226 sua
152 2167 248 2226 stellas
269 2168 413 2243 conplexa
434 2177 627 2242 contorqueat
637 2188 645 2239 ;
667 2185 736 2224 nam
757 2166 851 2224 tenuis
875 2184 909 2222 ac
929 2167 1082 2240 perlucens
1105 2176 1135 2225 et

39 2289 65 2317 ιο
77 2266 224 2340 aequabili
239 2266 335 2324 calore
349 2266 472 2324 suffusus
487 2266 587 2323 aether
600 2283 661 2322 non
676 2265 743 2322 satis
758 2273 843 2338 aptus
864 2263 904 2322 ad
924 2265 1019 2322 stellas
1041 2266 1133 2323 eonti-

77 2363 192 2421 nendas
217 2362 339 2422 videtur.
381 2364 505 2421 Habent
533 2364 618 2438 igitur
645 2381 727 2421 suam
756 2361 909 2437 sphaeram
934 2363 1032 2420 stellae
1061 2363 1134 2420 iner·
1148 2379 1174 2420 55

76 2469 175 2518 rantes
196 2461 233 2518 ab
255 2461 383 2519 aetheria
406 2461 614 2518 coniunctione
638 2469 781 2517 secretam
804 2468 832 2517 et
855 2459 983 2517 liberam.
1027 2461 1135 2517 Earum

78 2568 179 2616 autem
193 2575 337 2632 perennes
352 2577 451 2616 cursus
472 2568 559 2632 atque
581 2556 715 2632 perpetui
737 2575 805 2614 cum
828 2556 989 2614 admirabili
1012 2557 1136 2615 incredi-

77 2655 188 2730 bilique
204 2656 367 2714 constantia
380 2655 529 2713 declarant
543 2655 574 2712 in
588 2655 632 2712 his
646 2655 705 2711 vim
723 2661 753 2712 et
774 2663 903 2710 mentem
918 2672 981 2711 esse
997 2654 1135 2725 divinam,

40 2780 64 2817 ος
78 2761 120 2823 ut,
136 2752 210 2809 haec
225 2752 288 2827 ipsa
301 2753 352 2827 qui
372 2771 433 2810 non
456 2753 561 2810 sentiat
584 2751 706 2810 deorum
720 2752 779 2809 vim
802 2751 919 2822 habere,
934 2751 958 2810 is
979 2751 1050 2809 nihil
1072 2769 1135 2809 om·

78 2850 150 2907 nino
165 2867 300 2908 sensurus
315 2868 379 2908 esse
393 2849 533 2908 videatur.
577 2849 664 2907 Nulla
678 2849 764 2924 igitur
785 2848 814 2906 in
836 2848 919 2906 caelo
943 2867 1000 2907 nec
1022 2850 1174 2910 fortunato

78 2965 136 3004 nec
160 2947 306 3005 temeritas
331 2965 388 3005 nec
411 2948 515 3005 erratio
539 2965 596 3005 nec
619 2948 731 3005 vanitas
759 2947 834 3004 inest
856 2955 1017 3020 contraque
1042 2946 1136 3004 omnis

79 3042 164 3114 ordo,
179 3043 291 3116 veritas,
307 3044 388 3116 ratio,
404 3045 586 3117 constantia,
607 3062 742 3119 quaeque
765 3043 808 3101 his
822 3054 928 3100 vacant
949 3043 1088 3100 ementita
1108 3052 1137 3101 et

78 3141 151 3198 salsa
178 3141 323 3216 plenaque
355 3142 465 3211 erroris,
495 3160 530 3199 ea
564 3142 675 3199 circum
706 3151 795 3198 terras
823 3141 896 3198 inira
923 3140 1031 3212 lunam,
1061 3159 1136 3215 quae

40 3264 67 3302 30
79 3237 214 3297 omnium
235 3239 337 3296 ultima
358 3248 410 3310 est,
433 3239 463 3296 in
490 3239 631 3314 terrisque
653 3249 811 3296 versantur.
863 3238 1040 3296 Caelestium
1068 3256 1138 3312 ergo

79 3335 281 3394 admirabilem
297 3336 432 3394 ordinem
446 3335 707 3411 incredibilemque
724 3337 927 3408 constantiam,
943 3354 980 3393 ex
994 3355 1052 3410 qua
1067 3354 1137 3393 con·

80 3433 204 3492 servatio
220 3442 249 3491 et
263 3434 339 3492 salus
353 3435 485 3492 omniurn
507 3435 601 3492 omnis
623 3435 720 3507 oritur,
736 3435 787 3508 qui
800 3453 904 3492 vacare
925 3445 1024 3492 mente
1045 3442 1137 3509 putat,

80 3531 104 3588 is
129 3530 191 3605 ipse
217 3531 322 3588 mentis
347 3549 450 3605 expers
475 3531 628 3589 habendus
658 3541 709 3589 est.
754 3531 847 3590 Haud
869 3550 947 3607 erg0,
970 3543 1002 3590 ut
1024 3532 1137 3606 opinor,
1151 3549 1177 3593 rr

80 3644 223 3698 erravero,
238 3627 262 3685 si
276 3646 294 3685 a
307 3628 440 3704 principe
454 3627 673 3708 investigandae
687 3629 814 3689 veritatis
836 3628 920 3688 huius
936 3627 1139 3705 disputationis

43 3744 67 3786 rs
79 3723 258 3802 principium
272 3723 393 3786 duxero.
