2446 4102
338 280 404 330 LIB.
416 279 452 330 11.
486 279 547 329 CAP.
559 280 657 340 XXXI,
669 280 782 329 XXXII.
819 281 849 345 ἓξ
864 280 952 346 76-82.
1110 283 1168 348 103

115 452 185 496 nem
198 453 261 492 rem
276 435 425 509 publicam
440 445 527 510 atque
542 435 644 492 urbem
659 435 786 509 aliquam
803 436 938 510 regentis,
980 436 1123 511 Sequitur,
1138 446 1171 495 ut
1183 448 1209 490 ro

115 531 222 590 eadem
243 533 279 590 sit
301 532 330 589 in
354 531 398 602 iis,
412 550 488 607 quae
513 532 642 590 humano
665 533 695 590 in
720 551 835 608 genere,
850 534 931 603 ratio,
947 533 1051 591 eadem
1066 535 1170 592 veritas

115 629 270 703 utrobique
285 629 322 686 sit
336 628 500 704 eademque
515 629 570 700 lex,
585 648 660 704 quae
683 638 727 688 est
747 631 819 687 recti
840 632 1009 705 praecepno
1031 633 1170 706 pravique

115 725 260 801 depulsio,
303 726 349 783 Ex
363 745 423 800 quo
439 727 613 802 intellegitur
633 727 818 802 prudentiam
833 746 950 802 quoque
966 738 995 785 et
1011 739 1138 786 mentem
1153 747 1172 786 a

84 847 95 886 s
115 823 179 881 deis
195 823 233 880 ad
248 823 382 881 homines
396 824 572 898 pervenisse,
588 825 627 882 ob
642 843 766 898 eamque
784 843 903 882 causam
925 826 1068 883 maiorum
1091 826 1170 883 insti·

115 921 184 978 tutis
199 939 292 992 mens,
308 920 391 991 tides,
405 921 503 991 virtus,
519 921 680 978 concordia
696 933 884 980 consecratae
906 933 936 979 et
956 924 1073 998 publice
1087 922 1170 981 dedi-

115 1028 199 1076 catae
221 1027 297 1077 sunt.
340 1018 425 1092 Quae
440 1018 490 1093 qui
511 1019 649 1076 convenit
670 1038 762 1094 penes
785 1019 858 1077 deos
884 1038 947 1077 esse
972 1039 1086 1095 negare,
1103 1039 1171 1078 cum

115 1133 219 1173 eorum
237 1124 359 1190 augusta
381 1125 411 1173 et
433 1125 534 1173 sancta
558 1116 710 1173 simulacra
723 1118 916 1174 veneremur?
957 1117 1072 1191 Quodsi
1097 1117 1171 1174 inest

115 1213 145 1270 in
160 1212 313 1270 hominum
327 1231 435 1288 genere
450 1232 543 1284 mens,
558 1213 641 1284 fides,
656 1215 755 1284 virtus,
771 1214 938 1285 concordia,
954 1213 1033 1272 unde
1053 1215 1126 1272 haec
1141 1215 1171 1272 in

78 1338 103 1366 ιο
115 1320 223 1368 terram
250 1311 305 1368 nisi
330 1311 368 1368 ab
391 1311 502 1386 superis
527 1310 655 1369 defluere
679 1313 857 1386 potuemnt?
898 1312 1032 1386 Cumque
1061 1313 1118 1369 sint
1141 1312 1172 1369 in

115 1408 201 1466 nobis
225 1408 387 1480 consilium,
409 1409 492 1479 rati0,
516 1408 679 1483 prudentia,
703 1427 823 1466 necesse
846 1418 890 1466 est
914 1408 985 1466 deos
1011 1409 1084 1466 haec
1108 1410 1173 1484 ipsa

115 1504 224 1563 habere
240 1506 358 1577 maiora,
373 1524 429 1563 nee
444 1506 551 1563 habere
566 1506 669 1576 solum,
685 1504 841 1563 sedetiam
858 1507 892 1563 iis
913 1506 954 1563 uti
977 1507 1007 1563 in
1029 1506 1172 1564 maxumis

116 1611 146 1660 et
160 1603 289 1677 optumis
303 1603 389 1660 rebus
401 1624 410 1676 3
431 1603 502 1660 nihil
523 1613 621 1661 autem
642 1621 698 1661 nec
719 1604 811 1661 maius
834 1622 891 1660 nec
914 1604 1016 1661 melius
1039 1604 1150 1661 mundo
1161 1624 1170 1677 3
1184 1620 1211 1663 su

116 1719 239 1759 necesse
261 1711 305 1758 est
326 1719 395 1776 ergo
417 1718 486 1759 eum
504 1700 627 1759 deorum
646 1701 768 1758 consilio
792 1712 821 1758 et
843 1701 1027 1776 providentia
1048 1700 1170 1759 admini-

81 1800 207 1865 158I1'31'I.
251 1801 403 1856 Postremo
418 1818 487 1856 cum
506 1800 573 1857 satis
589 1798 774 1857 docuerimus
796 1799 850 1857 hos
872 1818 935 1857 esse
950 1799 1032 1871 deos,
1048 1818 1172 1873 quorum

116 1896 262 1971 insignem
272 1897 331 1953 vim
342 1905 371 1953 et
385 1896 534 1954 inlustrem
546 1896 650 1953 faciem
661 1896 836 1968 videremuS,
849 1897 941 1955 solem
953 1896 1022 1955 dico
1034 1906 1062 1954 et
1073 1898 1171 1954 lunam

117 2003 147 2052 et
155 2011 243 2068 vagas
253 1994 349 2051 stellas
359 2003 389 2051 et
397 1994 555 2052 inerrantes
565 2003 594 2052 et
605 1994 720 2051 caelum
731 2003 760 2051 et
772 1993 915 2051 mundum
927 1995 1022 2069 ipsum
1034 2004 1063 2052 et
1074 2013 1173 2052 earum

116 2109 214 2150 rerum
223 2091 292 2163 vim,
302 2109 377 2166 quae
389 2091 517 2149 inessent
528 2092 557 2149 in
569 2092 650 2149 omni
661 2091 773 2149 mundo
785 2110 852 2149 cum
866 2111 973 2167 magno
985 2112 1039 2150 usu
1051 2103 1080 2150 et
1090 2110 1171 2150 corn-

117 2188 260 2247 moditate
275 2189 389 2274 generis
403 2189 531 2261 humani,
543 2189 667 2248 efficitur
677 2190 777 2246 omnia
788 2190 847 2264 regi
860 2189 958 2247 diuina
972 2201 1070 2248 mente
1085 2201 1172 2265 atque

84 2319 106 2348 ω
117 2286 284 2363 prudentia.
326 2289 370 2344 Ae
385 2286 423 2345 de
438 2288 531 2362 prima
545 2287 666 2361 quidem
680 2297 761 2361 parte
776 2288 844 2345 satis
859 2287 971 2345 dictum
986 2298 1038 2346 est.

158 2384 303 2459 Sequitur,
318 2393 350 2442 ut
364 2383 490 2442 doceam
512 2385 612 2442 omnia
634 2385 765 2442 subiecta
787 2402 851 2442 esse
873 2397 1001 2454 naturae,
1018 2404 1110 2459 eaque
1134 2369 1217 2478 ab&²

117 2503 154 2542 ea
167 2482 362 2559 pulcherrime
375 2482 445 2558 geri.
487 2482 545 2540 Sed
560 2481 632 2556 quid
653 2482 689 2539 sit
703 2483 766 2556 ipsa
780 2492 890 2553 natura,
906 2483 1113 2556 explicandum
1129 2492 1173 2541 est

118 2590 187 2639 ante
211 2579 341 2651 breviter,
363 2597 423 2654 quo
447 2579 557 2638 facilius
581 2578 621 2650 id,
643 2578 726 2654 quod
749 2578 857 2637 docere
882 2581 1025 2651 volumus,
1048 2580 1174 2655 intellegi

118 2678 222 2754 possit.
264 2677 402 2752 Namque
423 2677 469 2734 alii
492 2686 622 2734 naturam
646 2694 709 2734 esse
733 2686 854 2734 censent
868 2678 926 2733 vim
941 2676 1088 2751 quandam
1111 2678 1174 2735 sine

85 2803 106 2842 25
118 2777 233 2834 ratione
249 2776 375 2833 cientem
391 2785 486 2833 motus
502 2774 531 2831 in
547 2774 716 2849 corporibus
731 2775 919 2844 necessarios,
935 2775 981 2831 alii
1003 2785 1100 2831 autem
1116 2775 1174 2832 vim

119 2873 295 2949 participem
315 2872 432 2929 rationis
454 2882 540 2945 atque
563 2871 671 2929 ordinis
693 2881 841 2946 tamquam
869 2872 916 2928 via
937 2871 1175 2946 progredientem

120 2970 387 3042 declarantemque,
403 2968 474 3043 quid
489 2969 629 3043 cuiusque
644 2969 685 3025 rei
700 2986 788 3026 causa
806 2968 921 3039 efficiat,
937 2969 1008 3042 quid
1030 2979 1174 3044 sequatur,

121 3069 204 3124 cuius
224 3065 380 3123 sollertiam
401 3066 478 3123 nulla
499 3084 552 3136 ars,
575 3066 652 3122 nulla
672 3084 782 3136 manus,
805 3084 893 3123 nemo
915 3067 1013 3140 opifex
1035 3067 1175 3141 consequi

121 3165 215 3239 possit
236 3162 378 3220 imitando
390 3183 397 3233 ;
426 3164 544 3221 seminis
566 3164 645 3220 enlm
660 3163 718 3219 vim
739 3181 802 3220 esse
823 3172 943 3234 tantam,
960 3174 990 3220 ut
1013 3163 1052 3235 id,
1074 3183 1175 3238 quam·

87 3293 110 3330 30
122 3279 212 3336 quarn
227 3260 263 3317 sit
278 3261 475 3335 perexiguum,
490 3270 598 3330 tamen,
613 3261 636 3317 si
658 3259 792 3317 inciderit
815 3261 843 3317 in
866 3261 1084 3336 concipientem
1106 3280 1176 3319 con·

122 3356 377 3434 prendentemque
404 3366 536 3415 naturam
563 3365 760 3431 nanctumque
789 3357 826 3414 sit
860 3360 1019 3430 materiam,
1048 3378 1106 3433 qua
1140 3360 1177 3416 ali

123 3455 281 3530 augerique
302 3455 403 3530 possit,
425 3455 464 3511 ita
485 3454 575 3528 tingat
596 3462 626 3511 et
646 3453 753 3512 efficiat
775 3455 803 3511 in
826 3474 879 3512 suo
901 3456 1031 3532 quidque
1060 3475 1176 3531 genere,

123 3553 230 3629 partim
258 3560 290 3608 ut
310 3560 423 3609 tantum
450 3550 540 3608 modo
568 3569 621 3625 per
647 3551 750 3625 stirpes
778 3553 889 3609 alantur
913 3572 988 3624 suaS,
1015 3555 1119 3627 partim
1146 3564 1178 3610 ut

123 3649 235 3708 moveri
250 3649 338 3706 etiam
360 3657 389 3705 et
409 3649 514 3706 sentire
537 3657 566 3705 et
587 3658 725 3722 appetere
748 3649 859 3723 possint
882 3659 911 3706 ct
933 3670 968 3706 ex
990 3668 1053 3706 sese
1076 3650 1179 3707 similia

90 3776 112 3816 3⁵
124 3747 169 3806 sui
183 3747 314 3822 gignere.
356 3745 428 3803 Sunt
441 3757 548 3815 autern,
564 3745 613 3817 qui
628 3745 727 3799 omnia
742 3756 858 3801 naturae
881 3748 999 3803 nornine
1021 3746 1177 3821 appellent,
1190 3763 1216 3805 aa
