2446 4102
378 255 444 304 LIB.
462 255 482 303 1.
517 255 577 303 Cur.
591 253 683 302 XLIV.
720 254 749 316 ἕξ
766 266 884 312 ¹²1·124·
1116 241 1158 320 69

106 409 241 470 disseruit
263 410 294 469 in
315 409 388 468 libro
411 410 513 484 quinto
538 407 576 466 de
599 418 701 465 natura
723 406 855 478 deorum,
881 409 974 465 nullos
998 427 1061 465 esse
1086 408 1157 466 deos

107 509 237 583 Epicuro
251 507 352 578 videri,
367 524 501 581 quaeque
515 506 539 562 is
554 504 591 562 de
608 505 670 562 deis
684 505 883 562 inmortalibus
905 504 1016 575 dixerit,
1033 505 1157 562 invidiae

106 604 299 663 detestandae
313 605 403 679 gratia
417 603 533 661 dixisse.
576 604 682 676 Neque
700 602 777 659 enim
800 611 859 659 tam
881 601 1028 676 desipiens
1050 603 1157 673 fuisset,

52 699 55 703 ’
105 711 138 759 ut
152 701 322 759 homunculi
341 702 465 758 similem
486 700 576 757 deum
597 701 727 774 fingeret,
742 700 915 756 liniamentis
938 699 1088 756 dumtaxat
1109 719 1157 756 ex-

73 821 85 860 s
105 800 214 871 tremis,
229 818 290 856 non
304 799 404 856 habitu
418 798 521 868 solid0,
538 797 675 855 membris
690 796 814 853 hominis
830 796 994 871 praeditum
1013 798 1157 867 omnibus,

104 916 159 955 usu
182 897 380 954 membrorum
402 914 440 953 ne
463 896 586 952 minimo
611 893 740 968 quidem,
764 894 868 950 exilem
894 893 1043 968 quendam
1071 904 1157 968 atque

104 994 299 1071 perlucidum,
314 993 384 1051 nihil
406 995 542 1069 cuiquam
564 995 747 1065 tribuentem,
763 994 834 1050 nihil
855 994 1073 1068 gratificantem,
1096 1010 1158 1048 om·

104 1093 176 1151 nino
205 1091 277 1149 nihil
304 1102 463 1162 curantem,
493 1092 564 1149 nihil
591 1101 735 1186 agentem.
787 1093 870 1165 Quae
902 1101 1003 1147 natura
1033 1089 1158 1164 primum

104 1190 185 1248 nulla
212 1208 276 1247 esse
304 1199 411 1264 potest,
441 1189 529 1264 idque
558 1190 660 1247 videns
690 1191 832 1264 Epicurus
861 1209 891 1246 re
921 1190 1001 1259 tollit,
1028 1188 1157 1245 oratioue

67 1314 93 1341 ιο
104 1288 242 1362 relinquit
270 1286 362 1360 deos;
394 1286 513 1359 deinde,
542 1287 566 1345 si
595 1289 720 1345 maxime
749 1288 811 1345 talis
840 1298 882 1344 est
911 1287 993 1358 deus,
1023 1296 1054 1343 ut
1082 1286 1203 1342 nullam

104 1387 205 1462 gratia,
234 1386 312 1442 nulla
339 1386 491 1442 hominum
520 1386 637 1442 caritate
666 1394 806 1455 teneatur,
835 1385 946 1456 valeat,
979 1384 1050 1457 quid
1081 1384 1159 1440 enim

105 1482 205 1541 dicam
235 1483 393 1557 ‘propitius
422 1484 494 1540 sit’?
536 1484 608 1539 Esse
637 1482 715 1538 enim
744 1481 884 1554 propitius
912 1491 1009 1554 potest
1040 1480 1158 1550 nemini,

105 1580 256 1655 quoniam,
285 1588 317 1636 ut
343 1578 448 1651 dietus,
478 1579 573 1636 omnis
607 1578 639 1635 in
672 1575 857 1635 inbecillitate
886 1585 929 1634 est
957 1586 986 1633 et
1013 1577 1103 1651 gratia
1130 1585 1160 1634 et

105 1676 220 1736 caritas.
