2446 4102
390 267 455 317 LIB.
472 267 508 317 II.
541 267 602 317 CAP.
614 268 670 327 XV,
683 268 754 317 XVI.
789 269 819 332 ἕξ
833 267 921 330 38-44.
1136 271 1175 334 91

122 422 222 495 Negat
236 439 307 496 ergo
321 439 386 479 esse
400 420 531 492 dubium,
546 421 650 480 horum
673 422 782 496 ignium
797 422 840 478 sol
854 423 908 478 utri
931 421 1029 479 similis
1051 422 1095 493 sit,
1111 440 1179 480 cum

121 520 145 576 is
159 536 280 594 quoque
295 517 411 589 efficiat,
427 527 459 576 ut
478 518 578 576 omnia
600 519 720 576 floreant
743 527 772 574 et
794 519 823 574 in
846 536 898 575 suo
920 537 1054 593 quaeque
1072 537 1179 594 genere

119 618 294 692 pubescant.
339 616 436 690 Quare
451 634 520 673 cum
534 616 602 674 solis
617 616 689 691 ignis
704 617 801 673 similis
823 634 923 673 eorum
945 618 1055 690 ignium
1070 619 1114 688 sit,
1130 619 1179 692 qui

121 724 190 772 sunt
204 715 234 771 in
249 713 420 788 corporibus
442 713 649 785 animandum,-
659 715 750 771 solem
773 732 891 787 quoque
914 715 1093 771 animantem
1116 733 1178 772 esse

88 831 99 868 r
121 822 246 887 oportet,
259 820 289 869 et
300 809 420 885 quidem
435 811 547 884 reliqua
561 821 644 880 astra,
658 828 732 884 quae
748 811 875 867 oriantur
889 810 917 867 in
933 810 1036 868 ardore
1051 812 1177 883 caelesti,

120 910 172 985 qui
186 908 287 966 aether
300 908 347 965 vel
367 906 481 964 caelum
497 907 671 964 nominatur.
715 907 791 964 Cum
813 907 897 981 igitur
911 908 1032 964 aliorum
1048 909 1177 966 animan·
1190 926 1216 968 42

120 1007 194 1064 tium
208 1015 288 1064 ortus
303 1006 333 1062 in
347 1015 422 1062 terra
435 1004 479 1074 sit,
497 1003 618 1061 aliorum
640 1004 669 1060 in
693 1022 776 1077 aqua,
793 1003 821 1060 in
844 1004 910 1060 aere
934 1004 1063 1075 aliorum,
1080 1006 1178 1063 absur-

120 1102 193 1160 dum
216 1121 280 1160 esse
301 1102 446 1160 Aristoteli
460 1099 574 1158 videtur
597 1100 627 1157 in
651 1118 686 1157 ea
704 1110 794 1174 parte,
809 1118 885 1174 quae
910 1101 946 1157 sit
970 1100 1008 1157 ad
1031 1101 1179 1176 gignenda

120 1180 280 1257 animantia
294 1199 450 1274 aptissima,
466 1197 572 1256 animal
587 1197 667 1271 gigni
687 1197 798 1253 nullum
813 1206 922 1271 putare.
965 1196 1066 1255 Sidera
1081 1208 1178 1256 autem

82 1317 107 1343 10
120 1297 283 1355 aetherium
311 1297 409 1353 locum
438 1296 591 1367 obtinent3
624 1294 674 1368 qui
703 1295 842 1367 quoniam
867 1294 1051 1351 tenuissimus
1078 1304 1121 1352 est
1149 1305 1178 1354 et

120 1412 238 1468 semper
252 1392 375 1469 agitatur
388 1403 418 1451 et
431 1393 517 1468 viget,
532 1409 653 1450 neeesse
669 1401 722 1462 est,
738 1391 819 1465 quod
840 1392 948 1448 animal
968 1391 998 1447 in
1020 1409 1056 1448 eo
1077 1392 1176 1466 gigna-

120 1501 175 1563 tur,
189 1491 221 1548 id
236 1500 266 1549 et
286 1509 372 1549 sensu
394 1491 534 1548 acerrimo
557 1499 587 1546 et
609 1489 769 1547 mobilitate
792 1489 942 1545 celerrima
964 1507 1036 1546 esse.
1080 1489 1177 1562 Quare

121 1607 190 1647 cum
204 1589 234 1646 in
249 1587 367 1646 aethere
381 1596 456 1645 astra
470 1588 631 1663 gignantur,
647 1598 878 1658 consentaneum
893 1596 937 1643 est
955 1587 984 1643 in
1006 1586 1039 1643 iis
1061 1605 1176 1645 sensum

120 1686 216 1744 inesse
245 1695 274 1743 et
298 1685 533 1760 intellegentiam,
555 1703 591 1742 ex
615 1703 674 1760 quo
697 1685 819 1742 efficitur
846 1684 876 1741 in
905 1684 1027 1741 deorum
1056 1703 1177 1743 numero

84 1803 106 1840 ιε
121 1794 196 1841 astra
210 1801 275 1840 esse
290 1781 436 1840 ducenda.
479 1783 596 1840 Etenim
617 1783 686 1839 licet
699 1781 797 1839 videre
820 1782 949 1839 acutiora
963 1782 1079 1856 ingenia
1094 1793 1123 1839 et
1136 1783 1176 1841 ad
1190 1780 1220 1834 1:

120 1879 351 1956 intellegendum
364 1881 477 1955 aptiora
497 1898 607 1951 eorum,
622 1880 672 1954 qui
685 1889 781 1937 terras
804 1879 933 1936 incolant
954 1897 1011 1949 eaS,
1027 1880 1176 1954 inquibus

120 1978 169 2036 aer
183 1978 220 2035 sit
234 1996 322 2052 purus
338 1995 372 2035 ae
394 1977 497 2048 tenuis,
514 1995 603 2051 quam
623 1976 745 2048 illorum,
762 1977 812 2051 qui
833 1986 950 2034 utantur
973 1995 1070 2035 crasso
1093 1979 1176 2036 eaelo

119 2085 208 2150 atque
230 2084 379 2132 concreto.
421 2074 501 2148 Quin
523 2074 610 2131 ctiam
633 2075 701 2131 cibo
716 2092 775 2148 quo
799 2084 888 2145 utare,
904 2075 1042 2132 interesse
1066 2076 1213 2151 aliquid43

119 2171 157 2230 ad
172 2172 279 2229 mentis
293 2173 387 2228 aciem
402 2179 513 2246 putant.
557 2171 709 2229 Probabile
724 2181 768 2229 est
783 2173 867 2246 igitur
882 2182 1078 2247 praestantem
1092 2175 1175 2232 intel--

82 2296 106 2323 ω
119 2270 276 2346 legentiam
299 2270 329 2326 in
353 2267 494 2326 sideribus
519 2286 591 2340 esse,
613 2286 688 2343 quae
714 2279 743 2325 et
762 2270 920 2328 aetheriam
938 2280 1051 2346 partem
1073 2272 1176 2331 mundi

118 2367 250 2424 incolant
274 2375 303 2423 et
325 2366 442 2424 marinis
470 2365 648 2440 terrenisque
672 2367 821 2425 umoribus
844 2368 932 2443 longo
954 2369 1103 2427 intervallo
1126 2390 1175 2428 ex·

118 2463 244 2521 tenuatis
259 2463 378 2521 alantur.
420 2463 544 2522 Sensum
557 2473 655 2521 autem
676 2474 818 2522 astrorum
839 2476 927 2541 atque
948 2467 1175 2542 intellegentiam

118 2577 256 2618 maxume
271 2560 398 2617 declarat
412 2560 486 2618 ordo
501 2578 602 2618 eorum
616 2571 704 2636 atque
729 2564 893 2621 constantia
912 2564 997 2640 (nihil
1020 2575 1064 2622 est
1087 2566 1174 2637 enim,

117 2657 200 2732 quod
222 2656 333 2715 rati0ne
357 2667 387 2714 et
408 2675 530 2715 numero
553 2660 664 2717 moveri
685 2661 778 2734 possit
801 2662 863 2719 sine
888 2661 1041 2735 consilio),
1063 2663 1093 2719 in
1115 2681 1175 2738 quo

80 2778 103 2813 τε
117 2754 190 2812 nihil
204 2764 248 2812 est
262 2755 454 2826 temerarium,
469 2755 540 2812 nihil
554 2756 672 2828 varium,
688 2758 757 2814 nihil
779 2759 936 2816 fortuitum.
979 2759 1062 2818 Ordo
1078 2770 1175 2818 autem

117 2852 247 2910 siderum
262 2852 335 2908 etin
349 2852 430 2909 omni
445 2853 615 2911 aeternitate
631 2856 794 2912 constantia
808 2874 904 2930 neque
920 2866 1052 2914 naturam
1067 2858 1174 2932 signifi-

117 2958 165 3006 cat
199 2949 259 3024 (est
286 2949 364 3006 enim
392 2949 480 3024 plena
507 2952 640 3026 rationis)
674 2970 771 3026 neque
800 2953 955 3024 fortunam,
975 2971 1051 3028 quae
1080 2956 1175 3013 amica

116 3045 247 3103 varietati
261 3047 456 3103 constantiam
471 3049 589 3123 respuit.
633 3049 768 3123 Sequitur
779 3067 856 3124 ergo,
869 3060 901 3107 ut
915 3051 979 3125 ipsa
993 3070 1044 3109 sua
1059 3062 1173 3127 sponte,

117 3162 170 3202 suo
185 3160 272 3201 sensu
293 3161 328 3200 ac
349 3143 498 3202 divinitate
521 3156 699 3204 moveantur.
743 3148 809 3204 Nec
829 3165 899 3204 vero
922 3149 1089 3207 Aristoteles
1112 3169 1171 3208 non
1185 3159 1211 3201 44

81 3260 104 3296 30
116 3238 281 3298 laudandus
304 3242 399 3298 estin
424 3260 469 3313 eo,
488 3243 569 3317 quod
594 3244 702 3313 omnia,
717 3262 792 3319 quae
817 3255 978 3316 moventur,
1002 3257 1050 3303 aut
1073 3256 1174 3306 natura

117 3337 228 3394 moveri
251 3339 363 3396 censuit
387 3349 438 3397 aut
459 3339 487 3397 vi
511 3350 561 3396 aut
582 3341 730 3398 voluntate
742 3362 749 3412 ;
772 3343 882 3399 moveri
907 3352 1005 3400 autem
1027 3345 1120 3402 solem
1145 3355 1174 3403 et

116 3435 215 3492 lunam
238 3444 268 3491 et
290 3436 386 3493 sidera
407 3437 525 3509 omnia;
547 3456 623 3512 quae
646 3448 742 3496 autem
766 3449 868 3496 natura
890 3451 1083 3513 moverentur,
1099 3442 1173 3500 haec

117 3541 166 3588 aut
188 3531 322 3606 pondere
346 3532 484 3591 deorsum
506 3543 556 3591 aut
578 3534 692 3592 levitate
720 3533 781 3613 [in]
811 3536 932 3595 sublime
956 3538 1029 3609 serri,
1048 3557 1172 3612 quorum

117 3639 252 3687 neutrum
278 3629 359 3686 astris
388 3630 578 3704 contingeret,
601 3641 756 3705 propterea
780 3632 862 3706 quod
890 3651 990 3690 eorum
1019 3645 1114 3692 motus
1143 3636 1172 3693 in

84 3746 105 3783 rs
120 3727 221 3783 orbem
246 3725 416 3799 circumque
442 3726 568 3784 serretur.
611 3727 677 3784 Nec
697 3746 766 3785 vero
790 3728 850 3786 dici
878 3740 975 3805 potest
994 3731 1023 3788 vi
1044 3730 1172 3806 quadam
