2446 4102
372 294 488 345 LIB.11.
521 294 582 345 Can
595 296 665 354 LIX,
677 296 732 345 Lx.
767 297 797 360 §5
813 296 931 363 146-151.
1119 298 1177 362 127

119 450 238 509 urbium
253 450 393 508 societate
407 448 546 520 devinxit,
562 450 637 508 haec
650 469 669 507 a
682 451 740 507 vita
754 451 862 509 inmani
878 461 907 508 et
925 453 985 509 fera
1007 454 1175 527 segregavit.

119 547 169 606 Ad
184 566 270 605 usum
285 557 382 604 autem
396 547 535 605 orationis
550 546 719 605 incredibile
734 558 786 616 est,
802 549 825 605 si
841 548 994 622 diligenter
1009 549 1175 621 attenderis,
1183 559 1221 601 149

119 655 233 720 quanta
247 662 339 719 opera
352 644 519 702 machinata
536 655 637 702 natura
657 646 701 702 sit.
746 646 872 702 Primum
894 647 972 702 enim
995 665 1012 702 a
1033 647 1175 720 pulmoni-

118 743 174 801 bus
190 743 296 799 arteria
309 758 401 816 usque
416 740 455 798 ad
469 759 503 799 os
518 742 652 798 intimum
666 743 800 816 pertinet,
816 760 970 817 perquam
992 762 1049 799 vox
1070 745 1174 818 princi-

86 864 98 903 ς
119 840 202 916 pium
217 857 235 896 a
249 849 347 896 mente
362 838 475 897 ducens
489 839 646 913 percipitur
660 848 689 895 et
708 839 853 905 funditur3
877 839 985 896 deinde
1008 841 1036 897 in
1052 859 1101 898 ore
1123 842 1178 900 sita

118 937 219 1012 lingua
234 945 278 993 est
291 936 373 993 fmita
392 935 528 993 dentibus
539 956 547 1007 ;
570 953 605 992 ea
625 953 730 993 vocem
750 936 932 995 inmoderate
954 939 1101 1012 profusam
1123 939 1175 996 fin·

119 1035 161 1110 git
184 1044 215 1091 et
236 1034 373 1091 terminat
393 1043 480 1108 atque
503 1050 591 1091 sonos
611 1033 692 1091 vocis
715 1033 867 1092 distinctos
889 1046 917 1091 et
939 1053 1053 1109 pressos
1078 1035 1175 1108 efficit,

118 1151 189 1189 cum
205 1140 234 1188 et
249 1129 288 1187 ad
303 1129 407 1188 dentes
421 1139 451 1187 et
471 1128 510 1186 ad
531 1129 600 1187 alias
621 1139 718 1204 partes
739 1131 819 1204 pellit
841 1132 906 1188 oris.
950 1133 1052 1206 ltaque
1074 1133 1175 1207 plectri

117 1228 247 1287 similem
268 1228 396 1302 linguam
416 1227 507 1284 nostri
529 1227 623 1285 solent
644 1227 751 1296 dicere,
768 1228 942 1285 chordarum
964 1228 1076 1301 dentes,
1092 1248 1175 1288 nares

80 1356 105 1383 ιο
118 1327 259 1385 comibus
274 1326 316 1396 iis,
332 1325 381 1399 qui
395 1323 434 1381 ad
448 1342 552 1382 nervos
567 1334 704 1381 resonant
718 1325 748 1380 in
763 1326 904 1384 cantibus.
1066 1323 1070 1328 ’

161 1424 259 1498 Quam
274 1440 343 1481 vero
358 1432 442 1497 aptas
455 1439 603 1497 quamque
618 1421 771 1479 multarum
786 1424 889 1481 artium
911 1425 1053 1482 ministras
1071 1392 1218 1499 manusllg

118 1532 223 1580 natura
237 1520 348 1578 homini
363 1518 465 1577 dedit!
508 1520 674 1594 Digitorum
689 1520 768 1576 enim
784 1522 944 1579 contractio
960 1523 1049 1579 facilis
1071 1523 1174 1580 facilis·

117 1637 178 1694 que
193 1618 339 1693 porrectio
353 1626 472 1692 propter
486 1616 587 1674 molles
603 1618 806 1675 commissuras
821 1628 851 1675 et
865 1630 941 1676 artus
956 1620 1034 1676 nullo
1050 1621 1077 1676 in
1093 1631 1174 1677 motu

117 1717 240 1775 laborat
283 1716 387 1789 Itaque
402 1713 441 1772 ad
455 1713 647 1789 pingendum,
663 1713 702 1772 ad
716 1715 897 1790 fingendum,
913 1715 951 1773 ad
973 1716 1173 1790 scalpendum,

80 1840 105 1876 ις
118 1814 158 1872 ad
186 1831 342 1872 nervorum
371 1812 532 1870 eliciendos
560 1830 649 1870 sonos
677 1830 712 1869 ac
740 1814 875 1871 tibiarum
905 1824 972 1887 apta
1000 1833 1102 1872 manus
1131 1823 1175 1872 est

118 1911 291 1970 admotione
314 1909 480 1984 digitorum.
523 1911 619 1983 Atque
640 1908 715 1967 haec
736 1911 938 1968 oblectationis
950 1931 957 1982 ;
980 1911 1027 1968 illa
1047 1913 1173 1970 necessi-

118 2010 195 2080 tatis
210 2009 305 2065 cultus
320 2006 389 2066 dico
404 2025 538 2082 agrorum
562 2008 815 2082 extructionesque
837 2018 990 2079 tectorum,
1006 2020 1175 2084 tegumenta

118 2124 277 2182 corporum
291 2105 337 2162 vel
352 2114 431 2162 texta
444 2104 491 2162 vel
506 2115 570 2162 suta
584 2123 763 2180 omnemque
786 2106 923 2163 fabricam
946 2108 1018 2164 aeris
1040 2117 1069 2164 et
1089 2109 1172 2179 ferri;

118 2223 155 2262 ex
169 2221 230 2279 quo
244 2202 418 2277 intellegitur
431 2201 469 2259 ad
484 2202 601 2259 inventa
615 2202 722 2273 animo,
738 2213 878 2279 percepta
892 2205 1023 2262 sensibus
1038 2204 1173 2263 adhibitis

80 2325 105 2353 ω
117 2302 260 2378 opificum
275 2300 409 2358 manibus
430 2300 531 2357 omnia
552 2318 605 2357 nos
628 2310 811 2371 consecutos,
827 2311 858 2358 ut
879 2302 957 2372 tecti,
973 2311 1005 2358 ut
1024 2304 1127 2372 vestiti,
1143 2313 1174 2360 ut

116 2400 187 2459 salvi
209 2416 274 2457 esse
295 2415 457 2472 possemus,
479 2397 575 2467 urbes,
597 2416 704 2467 muros,
727 2397 885 2469 domicilia,
908 2398 1029 2458 delubra
1053 2401 1172 2458 habere·

116 2516 192 2557 mus.
237 2497 301 2554 Iam
315 2513 384 2553 vero
403 2495 540 2570 operibus
555 2495 716 2565 hominum,
732 2494 763 2552 id
784 2505 828 2553 est
849 2497 992 2568 manibus,
1004 2490 1064 2554 'cibi
1086 2499 1173 2555 etiam
1181 2511 1216 2552 151

115 2595 241 2653 varietas
255 2593 399 2651 invenitur
413 2602 443 2651 et
462 2592 557 2666 copia.
601 2593 679 2649 Nam
700 2601 730 2649 et
751 2593 811 2667 agri
832 2592 922 2650 multa
944 2593 1065 2651 efferunt
1086 2612 1174 2652 manu

115 2693 258 2768 quaesita,
281 2708 356 2765 quae
377 2690 423 2747 vel
444 2690 539 2747 statim
563 2698 771 2747 consumantur
791 2690 838 2747 vel
859 2689 1034 2747 mandentur
1055 2692 1175 2749 condita

78 2815 102 2854 ες
115 2789 263 2858 vetustati,
279 2797 308 2845 et
322 2785 472 2862 praeterea
485 2787 631 2845 vescimur
645 2788 744 2845 bestiis
759 2796 788 2844 et
809 2788 929 2845 terrenis
951 2797 979 2844 et
1001 2789 1173 2862 aquatilibus

116 2898 147 2946 et
161 2886 326 2944 volantibus
339 2886 445 2961 partim
460 2885 615 2960 capiendo,
632 2887 736 2961 partim
752 2885 867 2943 alendo.
912 2886 1062 2944 Efficimus
1085 2888 1173 2945 etiam

116 2984 233 3043 domitu
248 2993 348 3041 nostro
367 2981 582 3057 quadripedum
603 2984 764 3053 vectiones,
787 3000 911 3057 quorum
934 2983 1064 3040 celeritas
1086 2993 1173 3059 atque

116 3083 159 3140 vis
174 3081 261 3139 nobis
275 3080 344 3154 ipsis
359 3079 452 3137 adfert
466 3080 524 3137 vim
539 3090 569 3137 et
583 3081 771 3138 celeritatem.
815 3081 877 3137 Nos
897 3098 986 3137 onera
1000 3081 1173 3155 quibusdam

116 3179 228 3248 bestiis,
243 3196 298 3235 nos
312 3177 379 3252 iuga
393 3178 569 3252 inponimus,
586 3196 640 3235 nos
661 3177 882 3253 elephantorum
905 3179 1086 3236 acutissumis
1107 3198 1173 3237 sen·

81 3299 106 3336 ao
118 3277 207 3347 sibus,
222 3293 277 3332 nos
292 3275 448 3350 sagacitate
464 3293 570 3332 canum
585 3273 624 3332 ad
639 3275 792 3332 utilitatem
807 3285 935 3333 nostram
950 3276 1103 3346 abutimur,
1118 3295 1173 3335 nos

119 3392 135 3431 e
149 3383 243 3431 terrae
259 3373 388 3429 cavernis
402 3372 507 3430 ferrum
522 3373 664 3447 eligimus,
680 3390 741 3429 rem
756 3371 795 3429 ad
810 3372 951 3429 colendos
966 3391 1049 3446 agros
1071 3391 1172 3431 neces-

118 3471 231 3540 sariam,
247 3487 301 3527 nos
316 3470 397 3540 aeris,
413 3470 532 3544 argenti,
548 3470 608 3526 auri
629 3487 717 3526 venas
739 3469 854 3544 penitus
876 3469 989 3526 abditas
1011 3471 1173 3529 invenimus

119 3578 148 3625 et
161 3568 200 3627 ad
215 3586 300 3625 usum
315 3578 397 3642 aptas
412 3577 441 3624 et
455 3567 494 3625 ad
516 3576 650 3624 ornatum
672 3565 804 3637 decoras,
826 3567 961 3624 arborum
983 3576 1080 3625 autem
1101 3586 1172 3626 con-

119 3665 249 3723 sectione
265 3665 403 3739 omnique
418 3665 538 3721 materia
553 3675 582 3721 et
596 3664 673 3720 culta
688 3673 718 3720 et
739 3663 857 3721 silvestri
880 3665 985 3738 partim
1006 3664 1044 3722 ad
1066 3664 1171 3722 calfici-

85 3761 231 3822 nendum
252 3779 358 3838 corpus
380 3761 438 3838 igni
459 3759 591 3819 adhibito
611 3770 640 3817 et
662 3759 700 3817 ad
722 3758 913 3836 mitigandum
936 3763 1034 3820 cibum
1057 3761 1171 3835 utimur,
