2446 4102
399 248 465 299 Lm.
483 248 533 299 111.
567 250 627 298 cn.
639 250 660 299 1.
695 249 726 313 §a
741 263 794 312 1-4.
1067 248 1126 314 137

108 397 193 451 Cotta
205 397 294 452 closes
304 397 369 453 with
382 398 429 453 the
442 416 587 454 assurance
598 400 657 454 that
670 400 716 454 the
726 400 780 453 aim
791 400 822 454 of
832 400 874 453 his
885 400 972 455 whole
987 400 1127 455 discourse

71 483 96 537 is
110 492 160 538 not
174 491 203 536 to
217 483 289 554 deny
302 484 348 538 the
361 485 499 539 existence
513 486 544 540 of
557 487 602 539 the
615 487 696 558 gods,
712 487 761 541 but
774 489 839 557 only
853 497 882 542 to
896 488 972 541 show
986 488 1046 542 how
1060 486 1128 541 diffi-

72 570 129 624 cult
142 569 165 622 it
183 569 206 622 is
226 579 255 624 to
270 570 356 624 arrive
374 580 403 625 at
421 589 475 641 any
488 572 601 626 distinct
620 573 781 644 knowledge
802 574 887 626 about
908 575 992 627 thern.
1032 574 1128 627 Cicero

71 657 144 710 adds
163 655 290 710 however
308 656 377 720 that,
391 657 524 729 although
537 658 659 711 Velleius
678 676 851 728 pronounces
864 661 910 713 the
924 660 1080 729 exposition
1095 660 1127 713 of

72 744 158 798 Cotta
176 752 235 797 true
253 743 308 796 and
329 744 504 815 convincing‚
519 745 554 798 he
574 745 687 800 himself
702 746 725 799 is
744 746 865 800 inclined
884 756 913 801 to
935 746 1063 802 consider
1082 746 1129 801 the

71 830 157 885 views
176 829 209 885 of
224 830 327 885 Balbus
339 847 370 885 as
382 847 458 885 more
470 831 613 900 probable.

167 1381 251 1440 UAE
280 1398 348 1438 curn
376 1381 483 1440 Balbus
512 1381 639 1454 dixisset,
665 1392 727 1441 tum
753 1383 890 1442 adridens
916 1385 1020 1443 Cotta:
1050 1385 1129 1456 Sero
1143 1379 1158 1432 l

208 1479 310 1553 inquit,
339 1478 420 1551 mihi,
450 1479 550 1551 Balbe,
575 1480 728 1556 praecipis,
756 1481 828 1554 quid
856 1481 1022 1538 defendam.
1066 1443 1155 1555 Egol

76 1578 157 1634 enim
172 1586 201 1634 te
221 1575 397 1651 disputante,
413 1575 485 1651 quid
507 1587 576 1635 cont
577 1595 608 1634 ra
565 1578 769 1650 tdiccrem,
785 1597 902 1636 mecum
924 1579 986 1652 ipse
1008 1577 1130 1634 medita-

75 1674 138 1744 bar,
161 1691 259 1748 neque
282 1682 342 1730 tam
364 1673 516 1731 refellendi
538 1675 579 1732 tui
600 1693 688 1732 causa
707 1693 796 1749 quarn
816 1694 859 1745 ea,
875 1693 949 1748 quae
972 1675 1066 1731 miuus
1088 1675 1130 1732 in-

45 1771 263 1846 stellegebam,
291 1771 467 1845 requirendi.
511 1772 587 1830 Cum
615 1783 713 1829 autem
741 1791 795 1830 suo
824 1773 930 1846 cuique
958 1771 1068 1830 iudicio
1096 1774 1132 1831 sit

77 1867 231 1940 utendum,
247 1868 364 1927 difficile
385 1869 464 1927 factu
486 1879 530 1927 est
552 1887 599 1926 me
622 1869 652 1927 id
674 1871 790 1942 sentire,
806 1870 888 1945 quod
903 1881 933 1928 tu
947 1871 1026 1929 velis
1071 1871 1156 1931 Hice

77 1966 225 2024 Velleius:
249 1966 363 2038 Nescis,
379 1967 480 2041 inquit,
501 1977 610 2042 quanta
631 1985 699 2025 cum
721 1969 950 2044 exspectatione,
966 1969 1062 2040 Cotta,
1078 1970 1132 2027 sim

79 2074 108 2122 te
123 2063 282 2122 auditurus.
326 2063 477 2122 iucundus
497 2065 575 2122 enim
591 2065 683 2122 Balbo
704 2077 804 2123 nostro
826 2085 921 2123 senno
944 2076 1009 2123 tuus
1031 2077 1133 2124 contra

81 2163 243 2237 Epicurum
257 2161 329 2233 fuit;
351 2161 499 2236 praebebo
515 2161 599 2235 igitur
620 2178 676 2235 ego
698 2180 744 2218 rne
767 2162 819 2219 tibi
842 2163 968 2220 vicissim
989 2173 1132 2220 attentum

44 2287 67 2314 ιο
80 2269 185 2318 contra
205 2258 317 2317 Stoicos
338 2256 511 2315 auditorem.
554 2259 645 2332 Spero
663 2258 741 2315 enirn
760 2268 797 2330 te,
813 2268 845 2315 ut
859 2259 943 2331 soles,
959 2260 1035 2317 bene
1050 2279 1131 2335 para-

81 2367 144 2415 tum
157 2356 265 2415 venire.
306 2356 385 2414 Tum
400 2355 505 2413 Cotta:
529 2356 576 2414 Sic
591 2355 768 2427 mehercule,
784 2356 886 2431 inquit,
902 2357 1014 2430 Vellei3
1037 2376 1158 2433 nequeo

81 2455 161 2513 enim
183 2453 254 2511 mihi
274 2470 327 2529 par
346 2453 420 2511 ratio
441 2470 510 2510 curn
532 2453 645 2510 Lucilio
667 2462 711 2509 est
732 2471 766 2508 ac
781 2461 880 2509 tecum
895 2453 956 2510 fuit.
999 2455 1059 2528 Qui
1072 2465 1133 2513 tan·

82 2552 174 2610 deni?
194 2550 287 2625 inquit
303 2549 359 2608 ille.
403 2550 480 2624 Quia
504 2550 576 2606 mihi
599 2549 713 2607 videtur
738 2550 882 2625 Epicurus
908 2561 1002 2608 vester
1027 2551 1064 2609 de
1089 2553 1134 2610 dis

82 2647 282 2707 inmortalibus
306 2666 367 2706 non
391 2664 569 2723 magnopere
595 2665 725 2722 pugnare
736 2667 745 2718 ;
774 2656 887 2703 tantum
912 2648 1002 2705 modo
1028 2667 1134 2724 negare

45 2770 69 2807 ιε
83 2745 158 2804 deos
182 2762 245 2803 esse
273 2763 334 2804 non
358 2743 456 2816 audet,
482 2763 520 2802 ne
549 2743 619 2819 quid
644 2743 768 2801 invidiae
797 2744 899 2801 subeat
924 2755 974 2802 aut
998 2747 1134 2804 criminis

84 2843 163 2903 Cum
176 2860 245 2901 vero
260 2841 333 2901 deos
351 2842 421 2900 nihil
438 2860 533 2917 agere,
549 2841 619 2898 nihil
641 2859 741 2898 curare
763 2840 916 2899 confirmat
938 2844 1134 2917 membrisque

83 2940 219 2998 humanis
240 2957 303 2998 esse
325 2939 481 3015 praeditos,
500 2938 554 2997 sed
575 2957 677 2996 eorum
699 2939 898 2997 membrorum
919 2959 1004 2997 usum
1024 2940 1134 2996 nullum

83 3038 202 3109 habere,
217 3036 318 3096 ludere
331 3037 446 3095 videtur
465 3037 590 3112 satisque
609 3046 720 3112 putare,
737 3037 761 3094 si
780 3037 884 3095 dixerit
905 3055 968 3094 esse
986 3036 1134 3111 quandam

83 3136 203 3195 beatam
223 3144 354 3193 naturam
372 3145 401 3193 et
418 3145 574 3193 aeternam.
617 3136 643 3192 A
665 3134 757 3192 Balbo
779 3145 877 3192 autern
899 3134 1160 3206 animadvertistis

46 3259 71 3287 ω
84 3231 186 3304 credo,
209 3250 296 3307 quam
319 3232 410 3290 multa
437 3231 517 3291 dicta
541 3233 598 3291 sint
622 3250 779 3307 quamque,
804 3232 916 3288 etiamsi
941 3233 1035 3289 minus
1059 3251 1134 3304 vera,

83 3340 185 3388 tamen
210 3340 278 3405 apta
301 3331 375 3388 inter
399 3348 430 3388 se
456 3339 485 3387 et
509 3329 705 3388 cohaerentia.
749 3331 851 3403 Itaque
877 3329 983 3403 cogito,
1009 3339 1041 3387 ut
1065 3327 1134 3401 dixi,

84 3445 146 3487 non
159 3437 221 3485 tam
234 3427 365 3485 refellere
380 3427 442 3485 eius
456 3427 619 3485 orationem
634 3446 724 3502 quam
739 3445 782 3498 ea,
798 3444 873 3500 quae
889 3427 984 3484 minus
999 3425 1134 3496 intellexi,

83 3525 240 3600 requirere.
280 3525 387 3598 Quare,
400 3524 498 3596 Balbe,
511 3525 562 3582 tibi
576 3524 722 3599 permitto,
734 3523 952 3598 responderene
967 3523 1038 3580 mihi
1052 3523 1135 3579 malis

84 3622 123 3682 de
145 3622 264 3698 singulis
284 3623 370 3682 rebus
392 3622 542 3697 quaerenti
564 3632 650 3679 exte
672 3640 716 3693 ea,
739 3639 814 3696 quae
840 3639 942 3694 parum
964 3623 1075 3694 accepi,
1098 3638 1135 3678 an

48 3743 72 3785 ²5
84 3721 249 3780 universam
269 3719 370 3779 audire
391 3720 553 3778 orationem
575 3738 681 3779 meam.
723 3721 801 3777 Tum
824 3718 948 3776 Balbus:
973 3719 1036 3791 Ego
1056 3735 1134 3788 vero,
