2446 4102
289 270 353 321 Lm.
368 271 416 320 111.
450 271 715 321 crixum-xxv,
748 271 778 336 ες
792 272 880 338 58-64·
1051 275 1107 342 155

98 429 178 486 Num
195 444 297 484 censes
313 426 396 501 igitur
410 425 557 484 subtiliore
572 426 683 483 ratione
699 444 772 501 opus
787 445 850 484 esse
871 427 909 485 ad
931 429 1004 486 haec
1026 405 1154 514 refer-{f

56 525 165 584 lenda?
208 525 286 581 Nam
307 533 445 594 mentem,
467 522 567 593 fidem,
582 541 674 597 spem,
689 523 835 596 virtutem,
851 525 1002 597 honorem,
1018 528 1109 586 victo-

56 624 138 694 riam,
167 621 298 692 salutem,
327 619 517 677 concordiam
546 629 701 694 ceteraque
730 620 791 678 eius
820 621 901 679 modi
929 641 1025 682 rerum
1050 627 1109 685 vim

56 720 165 778 habere
187 716 329 789 videmus,
350 736 411 774 non
433 716 564 774 deorum,
607 719 664 774 Aut
687 717 766 774 enim
789 718 818 775 in
842 720 988 778 nobismet
1013 722 1110 782 insunt

24 838 35 874 s
57 817 136 893 ipsis,
158 824 190 874 ut
215 833 307 886 mens,
329 823 360 872 ut
384 832 459 889 spes,
482 824 514 871 ut
535 813 618 884 fides,
641 824 672 870 ut
696 815 793 886 virtus,
816 825 846 871 ut
870 817 1038 890 concordia,
1061 814 1110 878 aut
1161 883 1164 889 ,

57 914 205 991 optandae
229 912 312 971 nohis
335 921 410 983 sunt,
433 921 464 970 ut
485 912 588 983 honos
611 921 643 969 ut
664 911 748 984 salus,
771 923 802 970 ut
822 914 961 987 victoria,
988 935 1110 990 quarum

56 1031 155 1070 rerum
169 1011 321 1068 utilitatem
331 1009 427 1081 video,
439 1009 526 1067 video
541 1009 629 1066 etiam
644 1020 815 1067 consecrata
830 1012 1001 1086 simulacra;
1021 1033 1110 1089 quare

57 1120 156 1167 autern
178 1109 208 1165 in
229 1108 262 1165 iis
276 1108 318 1164 vis
340 1106 462 1164 deorum
483 1106 559 1176 insit,
575 1115 637 1163 tum
656 1107 832 1182 intellegam,
848 1128 916 1166 cum
931 1128 1108 1185 cognovero.

57 1208 127 1281 Quo
142 1207 172 1263 in
186 1223 293 1280 genere
308 1205 353 1262 vel
367 1204 492 1261 maxime
507 1213 551 1261 est
567 1204 695 1261 Fortuna
713 1205 902 1278 numeranda,
918 1226 1006 1282 quam
1021 1227 1110 1268 nemo

19 1330 43 1356 10
57 1307 95 1364 ab
118 1303 313 1362 inconstantia
336 1312 365 1359 et
387 1302 549 1359 temeritate
572 1302 715 1376 seiunget,
738 1321 813 1377 quae
837 1303 1027 1378 dignacerte
1050 1326 1111 1366 non

57 1411 124 1460 sunt
139 1400 207 1459 deo.
250 1401 314 1457 Iam
328 1417 396 1456 vero
411 1397 482 1474 quid
496 1417 548 1455 vos
563 1399 610 1455 illa
624 1398 751 1456 delectat
772 1401 928 1475 explicatio
949 1403 1110 1462 fabularum
1123 1425 1150 1466 aa

57 1509 87 1558 et
115 1498 254 1556 enodatio
281 1497 455 1554 nominum?
500 1497 660 1553 Exsectum
689 1515 706 1553 a
733 1497 793 1554 filio
822 1498 954 1570 Caelum,
980 1500 1111 1559 vinctum

57 1595 161 1655 itidem
176 1614 194 1652 a
207 1595 266 1652 filio
281 1595 443 1664 Saturnum,
459 1593 532 1650 haec
547 1603 577 1651 et
591 1594 646 1651 alia
664 1595 777 1669 generis
797 1595 929 1653 eiusdem
949 1597 989 1654 ita
1009 1597 1110 1656 desen-

57 1695 134 1766 ditis,
150 1702 182 1751 ut
197 1693 225 1763 ii,
240 1691 290 1767 qui
311 1692 365 1748 ista
385 1691 538 1763 finxerunt,
554 1710 614 1749 non
636 1692 726 1750 modo
749 1711 809 1751 non
831 1694 933 1764 insani,
949 1695 1002 1753 sed
1024 1697 1111 1754 etiam

19 1820 42 1856 15
56 1793 145 1851 fuisse
173 1790 320 1865 sapientes
347 1788 508 1847 videantur.
552 1791 588 1847 In
617 1790 780 1848 enodandis
809 1801 906 1849 autem
934 1793 1110 1867 nominibus,

57 1887 140 1965 quod
155 1886 352 1945 miserandum
367 1887 411 1957 sit,
427 1885 571 1944 laboratis.
608 1887 753 1959 Saturnus,
769 1889 837 1962 quia
852 1907 882 1946 se
898 1899 1004 1947 saturat
1018 1891 1110 1963 annis,

58 1989 187 2056 Mavors,
203 1985 271 2060 quia
284 2002 391 2058 magna
404 1984 498 2055 vertit,
515 1985 656 2056 Minerva,
673 1986 741 2059 quia
755 1987 859 2044 minuit
874 1997 923 2045 aut
937 1989 1005 2064 quia
1018 1989 1110 2047 mina-

56 2093 111 2156 tur,
137 2085 248 2154 Venus,
273 2082 342 2156 quia
365 2081 444 2139 venit
469 2081 508 2139 ad
532 2083 639 2153 omnia,
666 2083 755 2141 Ceres
781 2102 798 2140 a
823 2085 963 2158 gerendo,
1014 2087 1111 2160 Quam

57 2180 223 2258 periculosa
244 2177 446 2236 consuetudo!
490 2180 526 2236 In
545 2179 641 2236 multis
662 2181 740 2237 enim
760 2181 927 2240 nominibus
948 2183 1111 2242 haerebitis.

18 2311 44 2338 ω
57 2278 140 2353 Quid
158 2277 263 2334 Veiovi
284 2277 382 2348 facies,
398 2276 469 2351 quid
484 2277 638 2334 Volcano?
659 2295 846 2352 quamquam,
869 2280 1008 2355 quoniam
1031 2283 1111 2357 Nep·

57 2387 163 2435 tunum
178 2394 195 2432 a
209 2374 308 2432 nando
325 2375 502 2449 appellatum
518 2383 611 2449 putaS,
627 2375 738 2432 nullum
753 2376 806 2433 erit
821 2395 938 2448 nomen,
955 2378 1036 2452 quod
1052 2397 1113 2437 non

57 2475 152 2551 possis
174 2492 233 2531 una
254 2473 348 2530 littera
369 2472 513 2547 explicare
536 2471 615 2529 unde
637 2471 758 2529 ductum
781 2474 835 2546 sit3
861 2475 971 2550 inquo
993 2475 1112 2550 quidem

57 2573 150 2646 magis
172 2580 203 2628 tu
224 2570 296 2627 mihi
317 2579 416 2627 natare
432 2569 508 2626 visus
531 2587 562 2626 es
582 2587 671 2644 quam
685 2571 747 2645 ipse
763 2571 929 2645 Neptunus.
973 2573 1152 2647 Magnamoa

57 2669 222 2728 molestiam
245 2668 374 2742 suscepit
396 2676 426 2724 et
448 2666 569 2724 minime
591 2667 785 2724 necessariam
808 2668 915 2743 primus
938 2671 1027 2740 Zen0,
1047 2680 1114 2745 post

17 2795 43 2831 25
58 2765 228 2836 CleantheS,
245 2764 353 2823 deinde
370 2764 558 2839 Chrysippus
575 2765 846 2821 commenticiamm
866 2766 1026 2823 fabularum
1047 2766 1111 2824 red-

58 2865 128 2922 dere
154 2863 306 2933 rationem,
330 2861 548 2931 vocabulorum,
573 2879 624 2918 cur
648 2860 778 2936 quidque
804 2862 843 2918 ita
868 2863 1045 2937 appellatum
1068 2864 1112 2935 sit,

58 2979 161 3019 causas
177 2959 330 3035 explicare.
375 2958 465 3032 Quod
481 2976 550 3015 cum
564 2958 667 3029 sacitiS,
683 2957 754 3015 illud
768 2959 901 3032 profecto
923 2960 1112 3031 confitemini,

57 3059 146 3133 longe
172 3057 254 3114 aliter
278 3074 308 3113 se
334 3074 395 3113 rem
421 3055 538 3126 habere,
564 3065 651 3130 atque
678 3055 831 3113 hominum
856 3057 956 3131 opinio
981 3058 1033 3128 sit,
1063 3076 1113 3116 eos

58 3157 147 3226 enim,
164 3155 213 3229 qui
231 3154 262 3211 di
283 3153 473 3229 appellantur,
489 3170 585 3209 rerum
607 3163 722 3210 naturas
745 3171 817 3224 esse,
833 3172 894 3211 non
915 3154 1020 3228 figuras
1043 3154 1114 3212 deo-

19 3280 45 3316 30
58 3272 132 3310 rum.
166 3252 226 3325 Qui
240 3260 336 3308 tantus
351 3268 430 3308 error
443 3250 504 3321 fuit,
519 3258 551 3306 ut
565 3250 736 3324 perniciosis
752 3251 839 3308 etiam
853 3251 939 3308 rebus
954 3270 1014 3308 non
1030 3254 1159 3315 1n0d025

58 3367 170 3408 nomen
195 3347 319 3406 deorum
343 3347 524 3418 tribueretur,
554 3346 607 3404 sed
636 3348 723 3404 etiam
752 3366 834 3405 sacra
862 3349 1113 3408 constituerentur.

59 3447 161 3506 Febris
183 3445 262 3503 enim
283 3445 383 3503 sanum
404 3444 434 3502 in
450 3443 560 3501 Palatio
582 3454 611 3501 et
631 3444 768 3502 Orbonae
782 3446 826 3501 ad
841 3445 946 3503 aedem
963 3447 1070 3503 Larum
1085 3456 1114 3504 et

58 3563 139 3602 aram
162 3543 260 3600 Malae
284 3542 429 3599 Fortunae
451 3541 586 3616 Esquiliis
607 3552 808 3599 consecratam
823 3542 966 3600 videmus.
1010 3544 1114 3603 Omnis
1128 3561 1153 3604 et

59 3641 146 3715 igitur
160 3639 223 3697 talis
238 3657 255 3696 a
269 3638 455 3713 philosophia
469 3639 592 3713 pellatur
606 3657 692 3710 error,
705 3649 745 3711 ut,
761 3659 830 3698 cum
845 3640 883 3697 de
899 3640 942 3697 dis
958 3641 1114 3699 inmortali·

20 3762 46 3804 ³⁵
60 3737 115 3797 bus
141 3735 335 3813 disputemus
357 3733 490 3795 dicamus
515 3735 636 3812 indigna
659 3737 692 3794 iis
703 3757 711 3811 5
738 3736 775 3795 de
802 3737 906 3813 quibus
931 3738 1027 3796 habeo
1052 3739 1114 3816 ipse
