2446 4102
368 229 434 280 rra.
447 230 496 279 111.
530 229 758 279 cmxx-xxm
794 231 824 294 §y
838 241 926 298 51-57·
1112 236 1168 301 153

113 383 259 460 quissimo
282 392 312 443 et
332 385 506 460 Proserpina
526 384 594 455 nati,
609 385 817 460 Tritopatreus,
834 386 993 459 Eubuleus,
1014 388 1170 464 Dionysus,

113 482 241 540 secundi
257 483 328 540 Iove
342 483 427 540 tertio
442 483 501 540 nati
516 492 545 540 et
558 481 648 553 Leda,
662 483 765 540 Castor
780 493 809 540 et
822 485 931 555 Pollux,
944 486 1020 543 tertii
1034 486 1171 544 dicuntur

114 598 133 637 a
146 598 209 637 non
224 580 310 637 nullis
325 581 399 637 Alco
414 590 443 638 et
458 579 623 654 Melampus
640 589 669 638 et
683 581 813 651 Tmolus,
829 582 908 639 Atrei
923 583 981 654 filii,
998 585 1047 659 qui
1063 585 1170 661 Pelope

113 687 201 736 natus
216 678 278 735 suit.
312 679 375 735 Iam
391 680 496 737 Musae
510 679 620 754 primae
636 688 772 753 quattuor
788 681 857 737 Iove
872 682 961 738 altero
976 693 1070 754 natae,
1082 683 1168 741 Thel·
1183 693 1209 735 rr

82 798 94 837 s
114 775 213 847 xinoe,
230 775 343 849 Aoede,
359 776 464 848 Arche,
481 777 599 846 Melete,
616 776 763 833 secundae
786 779 855 834 love
878 780 961 835 tertio
984 790 1012 836 et
1035 782 1169 838 Mnemo-

113 890 186 948 syne
213 883 382 948 procreatae
407 892 522 944 novem,
545 873 645 930 tertiae
672 874 756 930 Piero
779 884 864 931 natae
889 885 917 931 et
941 877 1075 951 Antiopa,
1098 896 1169 953 quas

114 970 246 1028 Pieridas
272 980 301 1028 et
324 971 430 1028 Pierias
455 971 548 1028 solent
572 971 678 1045 poetae
705 972 859 1045 appellare,
884 972 977 1029 isdem
1002 975 1169 1033 nominibus

114 1078 144 1125 et
166 1067 276 1126 eodem
296 1087 428 1139 numero,
443 1087 504 1142 quo
522 1068 673 1143 proximae
694 1069 865 1142 superiores.
908 1070 1043 1145 Cumque
1065 1080 1096 1128 tu
1117 1073 1168 1130 So·

113 1164 183 1236 lem,
206 1167 274 1240 quia
294 1167 372 1224 solus
394 1176 479 1237 esset,
501 1166 679 1241 appellatum
701 1184 764 1222 esse
790 1166 880 1236 dicas,
903 1167 984 1224 Soles
1006 1169 1059 1242 ipsi
1081 1187 1168 1243 quarn

79 1289 102 1317 10
113 1263 198 1320 multi
217 1281 235 1319 a
254 1263 396 1338 theologis
416 1264 620 1338 proferuntur!
663 1264 747 1322 Unus
764 1282 865 1321 eorum
882 1265 951 1320 Iove
967 1275 1059 1336 natus,
1076 1285 1168 1341 nepos

113 1360 258 1433 Aetheris,
271 1362 341 1418 alter
357 1362 538 1436 Hyperione,
550 1361 649 1418 tertius
661 1361 802 1430 Volcano,
816 1362 874 1417 Nili
889 1362 957 1432 filio,
971 1363 1052 1420 cuius
1066 1364 1168 1422 urbem

113 1459 250 1534 Aegyptii
264 1459 365 1517 volunt
379 1477 442 1515 esse
458 1477 533 1530 eam,
549 1477 623 1533 quae
641 1459 805 1532 Heliopolis
820 1460 989 1532 appellatur,
1003 1472 1119 1534 quartus
1134 1462 1167 1535 is,

114 1575 205 1631 quem
221 1556 344 1613 heroicis
359 1557 538 1630 temporibus
555 1555 688 1612 Acantho
704 1555 804 1612 Rhodi
818 1557 967 1630 peperisse
983 1557 1096 1628 dicitur,
1113 1603 1119 1615 .
1136 1604 1142 1616 .
1160 1603 1167 1617 .

114 1653 210 1729 Ialysi,
227 1653 345 1723 Camiri,
362 1653 457 1724 Lindi,
474 1652 582 1722 Rhodi,
599 1654 724 1727 quintus,
741 1654 789 1727 qui
806 1653 924 1710 Colchis
944 1654 1031 1710 fertur
1045 1655 1168 1712 Aeetam

78 1775 100 1814 15
113 1761 143 1809 et
158 1751 277 1809 Circam
291 1751 498 1826 procreavisse.
539 1750 664 1807 Volcani
679 1751 749 1807 item
764 1751 937 1824 complures,
953 1752 1062 1824 primus
1077 1752 1167 1809 Caelo

112 1859 207 1920 natus,
224 1867 261 1905 ex
283 1867 342 1923 quo
362 1858 391 1905 et
407 1849 543 1904 Minerva
557 1848 723 1922 Apollinem
740 1866 816 1917 eum,
833 1848 914 1904 cuius
934 1849 962 1904 in
978 1848 1067 1904 tutela
1079 1848 1168 1907 Athe·

112 1965 164 2004 nas
180 1946 292 2020 antiqui
307 1945 435 2003 historici
451 1963 514 2002 csse
526 1945 687 2015 voluerunt,
700 1944 847 2002 secundus
859 1946 927 2001 Nilo
942 1955 1034 2016 natus,
1049 1946 1165 2019 Phthas,

111 2054 144 2102 ut
169 2044 306 2118 Aegyptii
334 2043 490 2117 appellant,
516 2061 606 2117 quem
634 2042 790 2099 custodem
818 2061 882 2099 esse
908 2044 1032 2117 Aegypti
1056 2043 1166 2115 volunt,

111 2142 213 2199 tertius
238 2159 275 2198 ex
299 2141 383 2197 tertio
407 2141 477 2197 Iove
503 2150 532 2196 et
554 2141 678 2210 lunone,
701 2140 751 2213 qui
770 2140 874 2197 Lemni
899 2140 1022 2196 fabricae
1047 2140 1167 2199 traditur

75 2240 280 2315 ”praefuisse
305 2248 422 2312 quartus
449 2238 590 2295 Memalio
615 2248 708 2307 natus,
733 2237 783 2311 qui
806 2237 898 2293 tenuit
923 2238 1028 2294 insulas
1049 2249 1167 2313 propter

111 2337 249 2406 Siciliam,
265 2353 340 2409 quae
354 2336 514 2392 Volcaniae
529 2336 764 2391 nominabantur.
808 2335 970 2390 Mercurius
985 2353 1058 2391 unus
1074 2336 1165 2393 Caelo
1178 2352 1204 2394 oo

110 2445 204 2511 patre,
221 2433 278 2491 Die
294 2443 383 2490 matre
398 2443 491 2503 natus,
508 2433 590 2489 cuius
607 2432 761 2489 obscenius
777 2432 901 2488 excitata
915 2441 1017 2487 natura
1037 2432 1165 2505 traditur,

110 2530 194 2608 quod
216 2541 336 2605 aspectu
353 2531 542 2604 Proserpinae
558 2539 724 2586 commotus
739 2529 783 2597 sit,
800 2528 871 2584 alter
885 2529 1014 2585 Valentis
1030 2539 1058 2586 et
1074 2530 1165 2588 Coro-

109 2629 188 2687 nidis
211 2628 293 2699 filius,
309 2628 333 2684 is
354 2627 404 2702 qui
426 2628 479 2685 sub
500 2628 582 2684 terris
604 2627 726 2685 habetur
747 2625 827 2682 idem
848 2626 1044 2700 Trophonius,
1067 2628 1165 2687 tertius

72 2728 184 2788 2⁵10ve
210 2725 294 2783 tertio
319 2735 403 2782 natus
429 2734 458 2782 et
481 2725 570 2793 Maia,
597 2742 632 2780 ex
656 2742 715 2798 quo
740 2732 769 2779 et
793 2722 940 2797 Penelopa
963 2725 1042 2780 Pana
1064 2733 1164 2782 natum

109 2824 216 2895 ferunt,
239 2834 356 2897 quartus
379 2823 447 2880 Nilo
468 2834 559 2897 patre,
579 2840 667 2896 quem
682 2821 817 2895 Aegyptii
838 2820 919 2876 nefas
942 2820 1050 2877 habent
1071 2822 1163 2878 nomi·

109 2939 189 2993 nare,
223 2921 349 2995 quintus,
382 2938 470 2994 quern
502 2920 602 2977 colunt
634 2920 808 2988 Pheneatae,
838 2918 888 2991 qui
920 2919 1028 2992 Argum
1060 2917 1165 2976 dicitur

109 3019 291 3076 interemisse
322 3018 361 3075 ob
390 3035 514 3091 eamque
547 3035 666 3074 causam
695 3018 859 3090 Aegyptum
888 3015 1047 3089 profugisse
1076 3026 1164 3090 atque

109 3115 261 3191 Aegyptiis
282 3115 361 3189 leges
383 3124 413 3171 et
437 3115 542 3172 litteras
568 3113 729 3172 tradidisse.
774 3114 865 3170 Hunc
889 3113 1023 3186 Aegyptii
1046 3113 1164 3171 Theuth

72 3241 96 3280 30
109 3212 268 3288 appellant,
293 3211 459 3285 eodemque
488 3211 607 3268 nomine
636 3211 704 3267 anni
732 3211 841 3285 primus
869 3210 976 3266 mensis
1005 3209 1084 3283 apud
1113 3229 1163 3268 eos

108 3321 239 3368 vocatur,
269 3308 510 3382 Aesculapiorum
524 3308 633 3383 primus
645 3307 795 3382 Apollinis,
808 3325 897 3381 quem
909 3307 1037 3363 Arcades
1054 3307 1161 3379 colunt,
1176 3325 1201 3368 ot

109 3408 159 3482 qui
184 3406 337 3481 specillum
362 3405 507 3462 invenisse
532 3405 700 3479 primusque
725 3405 827 3461 volnus
853 3404 959 3462 dicitur
981 3405 1161 3478 obligavisse,

109 3503 257 3562 secundus
279 3501 402 3561 secundi
422 3503 559 3560 Mercurii
575 3503 660 3559 frater
671 3523 678 3573 3
701 3503 723 3559 is
741 3502 860 3559 fulmine
882 3521 1035 3576 percussus
1058 3503 1163 3559 dicitur

109 3601 245 3660 humatus
260 3618 324 3658 esse
340 3600 516 3675 Cynosuris,
538 3599 637 3656 tertius
654 3599 767 3673 Arsippi
784 3609 812 3655 et
827 3600 977 3670 Arsinoae,
989 3600 1038 3673 qui
1053 3600 1161 3673 primus

71 3726 95 3767 35
108 3698 312 3775 purgationem
333 3697 389 3755 alvi
408 3696 563 3773 dentisque
578 3696 766 3767 evolsionem,
782 3705 813 3753 ut
827 3696 930 3768 ferunt,
946 3696 1063 3769 invenit,
1079 3696 1161 3754 cuius

1174 1725 1211 1832 ἓξ
