2446 4102
91 260 133 321 42
419 259 468 307 nn
489 259 635 308 NATURA
654 259 813 310 unorum.

91 422 179 488 neget
205 431 302 489 posse,
328 413 358 470 in
383 414 496 488 Legum
521 422 619 470 autem
643 412 730 485 libris,
756 412 828 489 quid
853 414 889 472 sit
913 413 1035 473 omnino
1060 413 1144 488 deus,

92 510 204 585 anquiri
229 522 362 585 oportere
387 529 448 567 non
473 519 600 568 censeat.
644 510 735 585 Quod
755 529 824 569 vero
849 512 911 569 sine
936 530 1060 587 corpore
1084 512 1144 571 ullo

93 607 181 665 deum
209 609 268 665 vult
297 626 369 679 esse,
395 617 427 665 ut
455 607 561 666 Graeci
586 607 696 679 dicunt,
724 607 881 683 ἀσώματον,
906 608 937 666 id
965 609 1050 684 quale
1079 628 1144 668 esse

92 705 192 780 possit,
217 705 344 778 intellegi
367 723 428 762 non
453 713 550 779 potest
561 725 569 777 ς
592 713 689 762 careat
717 704 796 761 enim
824 722 911 762 sensu
938 722 1061 763 necesse
1091 716 1144 778 est,

93 812 189 859 careat
208 803 295 859 etiam
314 802 478 876 prudentia,
495 811 591 858 careat
605 803 772 877 voluptate,
795 819 870 876 quae
888 803 989 859 omnia
1001 821 1061 860 una
1074 821 1145 861 cum
1163 823 1174 862 s

93 899 215 956 deorum
239 900 359 956 notione
386 899 673 974 comprehendimus,
718 898 804 956 Idem
826 908 855 956 et
876 900 906 956 in
926 900 1051 957 Timaeo
1073 900 1146 958 dicit

93 1007 122 1054 et
146 997 175 1053 in
201 997 327 1070 Legibus
352 1005 380 1053 et
405 996 548 1054 mundum
570 996 660 1054 deum
682 1014 745 1054 esse
771 1005 800 1053 et
825 996 939 1053 caelum
964 1005 994 1054 et
1018 1007 1095 1054 astra
1116 1006 1146 1056 et

93 1104 197 1152 terram
219 1104 248 1151 ct
269 1094 380 1151 animos
403 1104 432 1151 et
452 1112 513 1165 ene,
535 1113 609 1168 quos
630 1095 773 1151 maiorum
795 1094 929 1151 institutis
954 1095 1125 1169 accepimus
1135 1116 1145 1168 3

92 1210 168 1266 quae
197 1201 227 1248 ct
253 1210 306 1266 per
333 1209 363 1248 se
389 1200 455 1248 sunt
479 1192 549 1248 falsa
572 1193 726 1266 perspicue
752 1201 780 1248 et
805 1191 879 1248 inter
903 1209 935 1248 se
955 1191 1146 1250 vehementer

54 1307 79 1347 ar
92 1289 291 1363 repugnantia.
334 1292 429 1363 Atque
445 1289 533 1345 etiam
547 1289 715 1363 Xenophon
731 1288 916 1363 paucioribus
926 1289 1021 1346 verbis
1037 1289 1144 1348 eadem
1157 1312 1180 1339 10

93 1386 151 1442 fere
176 1396 281 1460 peccat
290 1407 300 1458 3
325 1387 393 1443 facit
418 1387 496 1443 enim
520 1386 550 1442 in
574 1387 616 1457 iis,
639 1404 715 1460 quae
740 1405 756 1443 a
782 1387 900 1444 Socrate
923 1385 1003 1443 dicta
1025 1388 1144 1458 rettulit,

93 1484 243 1541 Socratem
264 1483 462 1557 disputantem
483 1484 605 1540 sormam
627 1483 675 1540 dei
697 1484 797 1558 quaeri
820 1502 881 1541 non
904 1493 1050 1559 oportere,
1072 1503 1144 1542 eun·

93 1579 220 1654 demque
236 1590 265 1637 et
279 1581 369 1637 solem
386 1590 414 1637 et
429 1582 558 1637 animum
575 1580 664 1638 deum
679 1580 786 1652 dicere,
802 1591 832 1639 et
853 1580 943 1638 modo
964 1600 1066 1653 unum,
1081 1592 1145 1640 tum

93 1689 191 1735 autem
205 1679 301 1752 plures
316 1677 408 1750 deos;
431 1696 506 1752 quae
529 1687 596 1734 sunt
616 1677 710 1736 isdem
729 1679 759 1734 in
779 1679 876 1736 erratis
893 1679 962 1750 fere,
978 1680 1085 1753 quibus
1100 1697 1143 1753 ea,

51 1756 169 1863 ἔξω
195 1774 232 1832 de
262 1775 383 1832 Platone
409 1774 543 1832 diximus.
591 1776 687 1849 Atque
716 1776 804 1832 ctiam
832 1775 1019 1834 Antisthenes
1048 1777 1079 1833 in
1108 1794 1179 1840 e015

92 1872 174 1942 libro,
190 1872 240 1946 qui
258 1872 395 1947 physicus
414 1871 585 1943 inscribitur,
601 1873 748 1946 popularis
763 1872 835 1930 deos
852 1873 968 1944 multos
983 1875 1145 1932 naturalem

92 1987 183 2025 unum
205 1987 268 2026 esse
290 1968 390 2026 dicens
412 1969 485 2027 tollit
505 1969 564 2025 vim
586 1979 614 2026 et
636 1979 767 2026 naturam
789 1969 921 2028 deorum.
964 1971 1030 2028 Nec
1051 1973 1145 2030 multo

93 2084 176 2123 secus
208 2066 387 2141 Speusippus
419 2067 570 2123 Platonem
606 2067 781 2124 avunculum
817 2068 998 2142 subsequens
1027 2078 1058 2126 et
1085 2070 1145 2127 vim

92 2163 241 2238 quandam
256 2163 366 2235 dicens,
382 2182 441 2238 qua
462 2164 561 2220 omnia
581 2173 724 2238 regantur,
741 2182 865 2238 eamque
887 2165 1052 2238 animalem,
1067 2167 1143 2225 evel-

54 2268 79 2309 33
91 2260 150 2318 lere
168 2279 205 2318 ex
221 2261 323 2318 animis
341 2271 462 2318 conatur
480 2262 678 2335 cognitionem
693 2261 825 2318 deorum.
868 2262 1096 2338 Aristotelesque
1114 2265 1145 2322 in
1156 2290 1180 2318 ω

92 2358 176 2415 tertio
191 2358 229 2415 de
248 2357 433 2432 philosophia
449 2358 522 2416 libro
539 2359 630 2415 multa
649 2359 744 2416 turbat
762 2377 779 2414 a
795 2359 932 2434 magistro
950 2378 1004 2417 suo
1023 2361 1144 2419 Platone

92 2476 151 2512 non
167 2455 358 2528 dissentiens,
380 2455 472 2513 modo
487 2456 566 2512 enim
586 2456 678 2512 menti
696 2456 796 2513 tribuit
816 2474 937 2513 omnem
952 2456 1143 2532 divinitatem,

92 2552 183 2610 modo
205 2551 348 2609 mundum
373 2552 470 2626 ipsum
485 2551 574 2609 deum
595 2552 666 2610 dicit
688 2571 761 2623 esse,
776 2552 868 2610 modo
892 2553 979 2610 alium
993 2555 1144 2628 quendam

90 2651 222 2725 praeficit
243 2649 354 2706 mundo
369 2650 455 2723 eique
471 2668 520 2707 eas
534 2650 622 2724 partis
637 2650 743 2722 tribuit,
759 2659 790 2707 ut
811 2650 999 2724 replicatione
1015 2652 1145 2727 quadam

91 2746 194 2804 mundi
217 2756 329 2803 motum
351 2756 431 2821 regat
456 2758 543 2821 atque
568 2756 689 2817 tueatur,
712 2756 774 2804 tum
798 2748 872 2805 caeli
897 2747 1030 2807 ardorem
1053 2750 1143 2809 deum
1157 2779 1181 2820 ως

92 2845 163 2902 dicit
178 2862 315 2902 essenon
330 2844 498 2918 intellegens
514 2845 628 2901 caelum
649 2844 752 2902 mundi
767 2863 829 2903 esse
845 2855 967 2920 partem,
982 2866 1073 2922 quem
1087 2849 1144 2908 alio

92 2943 158 3000 loco
179 2943 241 3016 ipse
256 2941 412 3016 designarit
430 2941 527 2999 deum.
572 2942 640 3014 Quo
654 2942 745 3000 modo
761 2952 859 3000 autem
873 2945 946 3001 caeli
961 2944 1075 3004 divinus
1097 2947 1144 3005 ille

92 3058 192 3096 sensus
213 3039 243 3095 in
261 3039 405 3096 celeritate
420 3048 500 3097 tanta
515 3041 678 3097 conservari
699 3042 817 3114 potest?
836 3041 887 3098 ubi
908 3040 1016 3099 deinde
1039 3043 1079 3101 illi
1100 3053 1145 3103 tot

92 3136 131 3207 di,
150 3136 173 3193 si
194 3154 378 3193 numeramus
402 3137 490 3193 etiam
515 3137 630 3194 caelum
655 3137 765 3194 deum?
789 3155 858 3196 cum
881 3148 978 3196 autem
998 3141 1060 3198 sine
1080 3161 1144 3200 cor·

91 3252 162 3308 pore
177 3233 256 3290 idem
270 3234 330 3291 vult
345 3252 408 3291 esse
429 3233 527 3307 deum,
543 3235 623 3293 omni
644 3235 723 3292 illum
745 3253 831 3293 sensu
853 3237 954 3311 privat,
970 3238 1058 3296 etiam
1077 3258 1144 3315 pru·
1158 3269 1184 3307 30

92 3330 199 3388 dentia.
242 3331 310 3404 Quo
325 3350 411 3405 porro
434 3332 525 3389 modo
540 3332 613 3390 deus
635 3333 745 3391 moveri
767 3352 867 3391 carens
883 3353 1005 3410 corpore
1020 3347 1070 3395 aut
1084 3356 1145 3413 quo

53 3444 78 3483 34
93 3428 182 3485 modo
202 3447 318 3502 semper
338 3447 368 3485 se
391 3447 511 3486 movens
535 3447 598 3486 esse
613 3430 728 3504 quietus
751 3440 780 3488 et
802 3433 903 3490 beatus
918 3435 1036 3507 potest?
1078 3436 1144 3494 Nec

91 3544 159 3582 vero
174 3526 235 3583 eius
257 3525 475 3601 condiscipulus
492 3529 672 3584 Xenocrates
697 3528 727 3584 in
751 3528 808 3586 hoc
833 3547 938 3604 genere
963 3530 1143 3606 prudentior,

95 3625 175 3681 cuius
191 3625 220 3680 in
234 3624 320 3693 libris,
336 3625 385 3697 qui
407 3633 472 3681 sunt
487 3623 524 3681 de
545 3634 648 3682 natura
669 3625 800 3698 deorum,
816 3628 894 3684 nulla
918 3629 1030 3703 species
1046 3630 1145 3690 divina

92 3720 285 3798 describitur,
311 3719 383 3778 deos
412 3721 490 3778 enim
514 3730 583 3780 octo
609 3740 671 3780 esse
697 3722 776 3796 dicit,
800 3725 929 3800 quinque
954 3743 1014 3800 eos,
1038 3729 1090 3803 qui
1114 3730 1144 3788 in
1158 3752 1182 3791 as
