2446 4102
113 245 173 328 164
375 227 379 231 ’
436 259 651 310 namnum
670 257 830 311 pronun.

108 420 207 476 fanum
221 417 347 474 referret.
391 417 436 473 Ita
457 414 495 471 ad
517 414 697 489 impietatem
712 415 742 472 in
757 414 829 472 deos
851 415 881 473 in
902 414 1036 474 homines
1058 414 1161 474 adiun⁴

64 517 150 577 {inxit
165 515 306 571 iniuriam.
350 514 439 570 Hunc
455 512 539 586 igitur
559 530 614 568 nec
631 512 784 586 Olympius
806 512 936 587 Iuppiter
953 511 1074 570 fulmine
1095 531 1160 588 per-

107 613 196 670 cussit
210 630 265 668 nec
280 610 470 683 Aesculapius
491 609 596 665 misero
619 608 813 683 diuturnoque
836 609 938 667 morbo
959 610 1160 669 tabescentem

107 711 259 779 interemit,
275 719 362 783 atque
384 708 414 763 in
431 724 484 763 suo
505 706 612 763 lectulo
634 717 763 763 mortuus
786 707 815 763 in
841 704 1032 784 [tyrannidis]
1057 726 1160 782 rogum

106 807 211 864 inlatus
231 815 275 862 est
294 822 417 879 eamque
438 813 623 878 potestatem,
639 821 727 878 quarn
742 804 803 877 ipse
818 821 871 878 per
884 804 979 861 scelus
994 814 1055 860 erat
1071 823 1158 862 nanc·
1178 830 1189 866 s

107 914 160 974 tus,
186 903 269 977 quasi
294 903 398 959 iustam
424 911 454 958 et
478 901 636 974 legitimam
662 899 829 957 hereditatis
855 900 921 957 loco
946 900 1006 958 filio
1031 901 1158 960 tradidit.

68 1016 94 1056 aa
107 1001 201 1058 lnvita
221 1001 251 1057 in
272 1001 330 1057 lroc
351 1001 417 1055 loco
438 1008 566 1054 versatur
587 998 679 1054 oratio
690 1018 698 1069 ;
720 997 835 1055 videtur
855 999 935 1054 enim
956 999 1158 1056 auctoritatem

106 1098 217 1156 adferre
243 1096 406 1173 peccandi;
435 1105 514 1152 recte
533 1094 687 1166 videretur,
709 1095 764 1152 nisi
789 1105 817 1152 et
836 1095 945 1152 virtutis
971 1104 1001 1152 et
1025 1096 1158 1153 vitiorum

106 1195 167 1253 sine
184 1195 241 1251 ulla
256 1194 354 1252 divina
372 1194 482 1250 ratione
505 1211 589 1266 grave
613 1193 701 1266 ipsius
721 1192 919 1250 conscientiae
941 1191 1059 1267 pondus
1073 1203 1157 1264 esset,

105 1309 164 1367 qua
178 1291 289 1348 sublata
304 1292 399 1347 iacent
414 1290 521 1346 onmia.
565 1290 605 1348 Ut
623 1290 702 1347 enim
718 1308 774 1346 nec
790 1289 896 1348 domus
910 1307 967 1347 nec
981 1308 1027 1347 res
1041 1291 1160 1365 publica
1171 1316 1194 1343 ιο

105 1389 216 1446 ratione
236 1387 365 1462 quadam
387 1397 416 1444 et
436 1386 589 1461 disciplina
611 1387 770 1461 dissignata
790 1386 931 1458 videatur,
947 1387 971 1446 si
992 1387 1023 1445 in
1044 1406 1080 1446 ea
1102 1406 1157 1446 nec

105 1496 184 1543 recte
213 1486 295 1542 factis
324 1484 453 1558 praemia
481 1493 580 1540 extent
608 1484 665 1540 ulla
692 1502 749 1541 nee
777 1484 919 1559 supplicia
946 1485 1086 1560 peccatis,
1116 1486 1157 1543 sic

105 1583 208 1641 mundi
228 1583 325 1640 divina
344 1579 389 1658 [in
410 1580 557 1659 homines]
584 1581 747 1639 moderatio
766 1582 898 1656 profecto
918 1583 997 1640 nulla
1016 1591 1069 1656 est,
1085 1583 1109 1642 si
1128 1584 1158 1642 in
1185 1586 1190 1595 ’

106 1699 141 1738 ea
155 1680 311 1738 discrimen
326 1680 436 1736 nullum
452 1689 495 1735 est
510 1679 655 1736 bonorum
669 1688 698 1736 et
712 1679 863 1738 malorum.

67 1799 92 1838 aa
145 1780 182 1835 At
204 1778 283 1835 enim
304 1777 416 1834 minora
430 1775 461 1832 di
475 1776 631 1851 neglegunt
653 1794 749 1851 neque
771 1777 878 1852 agellos
899 1777 1078 1852 singulorum
1100 1796 1157 1836 nec
1171 1803 1192 1842 ι,

104 1876 234 1933 viticulas
246 1884 458 1949 persequuntur
472 1892 537 1945 nec,
548 1875 571 1932 si
584 1874 675 1931 uredo
690 1884 739 1931 aut
753 1875 864 1949 grando
879 1876 1029 1950 quippiam
1045 1876 1155 1948 nocuit,

104 1972 135 2030 id
147 1973 210 2030 Iovi
225 1970 516 2028 animadvertendum
531 1972 601 2043 fuit;
617 1990 654 2028 ne
669 1972 700 2028 in
714 1973 809 2046 regnis
824 1972 945 2047 quidem
959 1992 1042 2048 reges
1057 1974 1157 2032 omnia

104 2071 224 2128 minima
249 2079 370 2141 curant3
399 2068 441 2126 sic
464 2069 542 2126 enim
568 2069 672 2126 dicitis.
716 2069 807 2142 Quasi
832 2088 887 2144 ego
912 2071 1000 2145 paulo
1023 2081 1092 2129 ante
1117 2070 1154 2129 de

103 2168 194 2226 fundo
212 2168 367 2225 Formiano
390 2168 422 2224 P.
444 2167 545 2223 Rutilii
567 2167 620 2223 sim
642 2176 768 2240 questus,
784 2185 845 2224 non
867 2166 904 2224 de
926 2169 1032 2226 amissa
1053 2167 1154 2228 salute.

59 2268 96 2320 3ss
104 2269 200 2340 Atque
217 2265 276 2322 hoc
297 2263 418 2339 quidem
440 2282 542 2319 omnes
563 2263 699 2320 mortales
720 2264 762 2320 sie
784 2264 901 2336 habent,
917 2276 1051 2324 externas
1073 2285 1154 2324 com·
1167 2293 1190 2322 w

102 2362 266 2433 moditates‚
289 2363 395 2431 vineta,
418 2369 540 2434 segetes
564 2360 677 2430 oliveta,
702 2361 862 2418 ubertatem
884 2362 998 2436 frugum
1022 2373 1052 2421 et
1079 2365 1152 2422 fruc·

101 2471 192 2531 tuum,
209 2478 328 2517 omnem
344 2458 471 2531 denique
487 2456 728 2514 commoditatem
743 2459 1024 2534 prosperitatemque
1039 2461 1116 2519 vitae
1137 2480 1155 2519 a

102 2557 145 2614 dis
168 2575 198 2613 se
221 2557 327 2613 habere
339 2576 347 2626 3
369 2555 504 2611 virtutem
526 2564 623 2610 autem
645 2573 734 2611 nemo
756 2573 896 2629 umquam
919 2567 1073 2632 acceptam
1096 2558 1152 2618 deo

64 2667 88 2708 at
101 2654 216 2711 rettulit.
260 2652 404 2709 Nimirum
419 2661 518 2723 recte3
540 2661 659 2725 propter
671 2652 806 2710 virtutem
822 2653 900 2710 enim
919 2653 979 2710 iure
1002 2654 1154 2715 laudamur

101 2762 130 2809 et
141 2753 171 2808 in
180 2752 282 2808 virtute
294 2759 372 2806 recte
388 2748 561 2823 gloriamur3
577 2747 657 2822 quod
672 2767 733 2806 non
749 2751 939 2825 contingeret,
956 2751 980 2809 si
994 2751 1025 2809 id
1040 2752 1152 2812 donum
1165 2776 1187 2816 ar

101 2869 118 2906 a
139 2849 206 2919 deo,
222 2866 281 2905 non
303 2866 320 2903 a
341 2847 425 2904 nobis
448 2847 629 2904 haberemus.
673 2848 711 2904 At
732 2865 801 2905 vero
823 2858 872 2905 aut
893 2848 1053 2909 honoribus
1074 2852 1153 2910 aucti

102 2957 149 3003 aut
164 2964 194 3002 re
210 2944 347 3015 familiari,
360 2953 408 3001 aut
423 2944 446 3000 si
462 2942 540 3000 aliud
562 2943 711 3018 quippiam
732 2945 811 3002 nacti
832 2964 931 3004 sumus
953 2946 1062 3007 fortuiti
1083 2949 1154 3007 boni

101 3053 150 3100 aut
165 3043 330 3116 depulimus
354 3041 430 3112 mali,
447 3051 509 3097 tum
532 3040 575 3098 dis
597 3041 701 3116 gratias
723 3042 844 3117 agimus,
860 3053 922 3100 tum
942 3043 1014 3101 nihil
1035 3057 1152 3104 nostrae

101 3141 179 3197 laudi
194 3139 382 3213 adsumptum
397 3139 574 3195 arbitramur.
618 3139 699 3195 Num
714 3139 788 3213 quis,
804 3138 886 3213 quod
899 3140 995 3198 bonus
1009 3143 1052 3199 vir
1067 3151 1151 3215 esset,

101 3238 204 3312 gratias
220 3237 263 3294 dis
280 3237 337 3310 egit
352 3237 512 3309 umquam?
533 3244 562 3291 at
577 3234 657 3309 quod
679 3235 768 3307 diveS,
784 3235 864 3311 quod
886 3236 1054 3311 honoratus,
1071 3239 1152 3314 quod
1165 3267 1189 3305 30

101 3335 262 3392 incolumis.
306 3334 467 3407 Iovemque
479 3343 633 3406 optumum
645 3342 674 3389 et
688 3352 858 3391 maxumum
873 3334 912 3391 ob
927 3352 976 3392 eas
992 3353 1037 3393 res
1053 3337 1151 3412 appel-

101 3433 168 3503 lant,
190 3450 250 3488 non
275 3430 355 3505 quod
380 3449 434 3487 nos
460 3431 559 3501 iustos,
581 3439 768 3505 temperatos,
790 3431 936 3505 sapientes
960 3432 1077 3505 efficiat,
1100 3433 1152 3492 sed

63 3546 87 3585 aa
101 3529 181 3604 quod
204 3529 305 3599 salvos,
329 3527 491 3598 incolumis,
515 3528 679 3602 opulentos
702 3528 849 3603 copiosos.
893 3529 999 3603 Neque
1031 3531 1152 3590 Herculi

101 3627 254 3701 quisquam
276 3625 432 3683 decumam
454 3625 532 3682 vovit
560 3643 710 3699 umquam,
740 3625 763 3682 si
791 3625 906 3701 sapiens
936 3626 1030 3686 factus
1066 3639 1151 3687 esset.

87 3723 281 3803 Quamquam
299 3723 480 3804 Pythagoras
496 3741 566 3784 cuin
586 3722 619 3781 in
639 3723 800 3801 geometria
816 3721 960 3798 quiddam
981 3725 1051 3784 novi
1072 3726 1151 3785 inve·
1164 3748 1187 3791 as
