2446 4102
82 245 123 311 54
407 246 456 294 pn
477 246 622 296 unruun
645 243 805 296 DEORUM.

80 408 109 457 et
123 399 205 474 quasi
221 399 336 474 sanguis
351 399 422 474 quid
436 400 481 472 sit,
497 401 575 457 nullo
589 418 705 475 prorsus
722 398 813 457 modo
834 398 981 475 intellego.
1025 399 1132 474 Neque

79 508 112 555 tu
133 514 179 553 me
202 496 288 567 celas,
306 505 338 553 ut
360 496 535 572 Pythagoras
556 496 668 555 solebat
689 497 808 568 alienos,
823 513 880 553 nec
902 495 1037 554 consulto
1058 495 1133 554 dicis

80 595 194 652 occulte
210 602 359 668 tamquam
376 595 551 664 HeraclituS,
567 593 620 652 sed
639 593 736 669 (quod
750 593 825 651 inter
843 611 898 651 nos
920 592 1021 669 liceat)
1041 611 1080 651 ne
1101 601 1133 651 tu

37 673 71 781 ἐξ
82 691 201 767 quidem
216 691 366 765 intellegis.
410 690 487 748 Illud
500 690 587 748 video
601 708 730 766 pugnare
745 700 784 762 te,
800 690 913 776 species
934 698 966 748 ut
985 689 1133 765 quaedam

80 791 116 848 sit
139 789 271 859 deorum,
295 805 370 862 quae
392 788 464 845 nihil
486 788 616 846 concreti
639 787 753 859 habeat,
776 787 847 845 nihil
869 787 965 858 solidi,
988 786 1061 845 nihil
1084 805 1132 845 ex·
1152 806 1164 844 5

79 887 179 962 pressi,
195 886 265 944 nihil
286 885 449 956 eminentiS,
469 885 564 959 sitque
585 903 666 960 pura,
688 885 766 956 levis,
789 884 947 961 perlucida.
991 885 1133 943 Dicemus

80 985 165 1059 igitur
188 984 277 1055 idem,
299 983 379 1058 quod
404 984 434 1040 in
456 984 571 1040 Venere
594 982 674 1041 Coa:
703 1000 808 1058 corpus
829 981 900 1040 illud
921 1000 982 1040 non
1004 991 1057 1054 est,
1080 981 1134 1040 sed

81 1083 173 1140 simile
188 1082 326 1156 corporiS,
341 1100 398 1138 nec
415 1081 460 1138 ille
478 1080 558 1138 fusus
580 1089 608 1137 et
630 1079 758 1138 candore
779 1080 885 1138 mixtus
906 1080 994 1138 rubor
1015 1081 1133 1156 sanguis

81 1190 134 1251 est,
159 1179 212 1237 sed
237 1178 383 1253 quaedam
408 1178 553 1254 sanguinis
576 1176 734 1236 similitudo
745 1198 754 1251 ,·
783 1178 825 1236 sic
848 1177 879 1235 in
901 1177 1049 1253 Epicureo
1075 1177 1134 1236 deo

80 1296 141 1335 non
155 1296 209 1347 res,
225 1276 277 1334 sed
292 1275 493 1334 similitudines
514 1294 610 1333 rerum
631 1293 704 1334 esse.
747 1277 808 1334 Fac
828 1273 869 1348 id,
886 1274 968 1350 quod
989 1293 1028 1333 ne
1049 1275 1133 1333 intel·
1148 1300 1171 1327 ιο

81 1375 137 1449 legi
160 1374 279 1449 quidem
302 1383 408 1448 potest,
430 1374 501 1431 mihi
522 1392 586 1432 esse
607 1391 778 1449 persuasum
788 1394 797 1446 3
821 1372 898 1431 cedo
919 1373 991 1431 mihi
1012 1373 1135 1432 istorum

43 1488 68 1531 to
81 1471 318 1530 adumbratorum
342 1470 464 1529 deorum
488 1471 655 1529 liniamenta
678 1480 767 1546 atque
792 1471 908 1529 formas.
951 1471 1022 1529 Non
1050 1469 1135 1529 deest

81 1569 138 1626 hoc
161 1570 227 1627 loeo
252 1569 339 1642 copia
359 1568 512 1640 rationum,
535 1569 641 1643 quibus
662 1568 770 1626 docere
790 1561 882 1626 uelitis
904 1567 1047 1626 humanas
1069 1586 1134 1627 esse

80 1668 186 1725 formas
201 1667 325 1724 deorum
334 1686 342 1737 ;
364 1665 587 1741 primumquod
607 1667 647 1724 ita
664 1667 700 1724 sit
720 1666 907 1724 informatum
927 1667 1132 1741 anticipatum·

81 1784 135 1840 que
159 1765 305 1821 mentibus
330 1764 442 1834 nostris,
466 1772 497 1821 ut
519 1763 640 1836 homini,
664 1783 734 1821 curn
756 1763 795 1821 de
817 1762 876 1820 deo
898 1763 1017 1839 cogitet,
1040 1764 1135 1822 forma
1147 1790 1169 1828 ις

82 1872 213 1920 occurrat
228 1863 374 1933 humana;
396 1860 505 1918 deinde
520 1860 611 1936 quod,
626 1861 765 1936 quoniam
779 1860 864 1919 rebus
879 1860 1016 1919 omnibus
1036 1860 1132 1919 excel·

80 1961 120 2017 lat
141 1969 242 2016 natura
262 1959 367 2028 divina,
388 1959 481 2015 forma
501 1977 620 2033 quoque
642 1976 706 2016 esse
726 1957 922 2034 pulcherrima
942 1956 1060 2031 debeat,
1076 1976 1133 2017 nec

81 2074 145 2115 esse
173 2056 300 2112 humana
327 2055 415 2112 ullam
443 2055 658 2130 pulchriorem,
688 2056 803 2114 tertiam
829 2055 972 2112 rationem
1003 2054 1132 2128 adfertiS,

43 2174 68 2218 rr
81 2154 161 2229 quod
176 2154 254 2210 nulla
267 2154 322 2210 alia
336 2153 427 2227 figura
444 2152 626 2211 domicilium
645 2153 751 2211 mentis
772 2171 837 2211 esse
858 2153 958 2228 possit.
1002 2153 1133 2212 Primum

81 2252 165 2326 igitur
189 2249 318 2325 quidque
340 2249 493 2307 considera
514 2251 599 2326 quale
621 2252 657 2310 sit
667 2273 676 2324 3
706 2251 829 2326 arripere
850 2250 930 2308 enim
959 2250 1031 2307 mihi
1051 2250 1132 2309 vide·
1146 2276 1171 2304 ω

81 2350 152 2407 mini
166 2349 247 2423 quasi
261 2358 356 2405 vestro
378 2348 438 2405 iure
463 2366 525 2405 rem
548 2349 627 2407 nullo
652 2348 743 2407 modo
767 2347 957 2424 probabilem.
1000 2347 1133 2407 Omnino

81 2448 145 2522 quis
164 2456 224 2503 tam
244 2463 349 2502 caecus
370 2445 400 2501 in
421 2446 656 2520 contemplandis
672 2446 758 2504 rebus
780 2464 921 2519 umquam
941 2444 1002 2517 fuit,
1018 2455 1051 2503 ut
1071 2464 1133 2504 non

79 2544 191 2602 videret
215 2543 328 2618 species
353 2543 420 2600 istas
445 2543 598 2600 hominum
623 2543 753 2601 conlatas
781 2542 812 2600 in
839 2541 911 2599 deos
936 2550 985 2599 aut
1008 2543 1133 2601 consilio

80 2642 210 2716 quodam
229 2641 413 2715 sapientium,
429 2659 487 2715 quo
509 2641 620 2699 facilius
641 2641 754 2698 animos
775 2638 977 2714 imperitorum
999 2638 1038 2696 ad
1059 2638 1132 2699 deo-

79 2759 143 2796 rum
162 2739 271 2795 cultum
286 2757 303 2795 a
317 2739 392 2795 vitae
414 2738 552 2813 pravitate
575 2746 785 2809 converterent,
800 2746 850 2795 aut
870 2737 1086 2812 superstitione,
1101 2747 1132 2796 ut
1146 2764 1169 2803 25

80 2844 176 2893 essent
206 2835 365 2906 simulacra,
390 2852 464 2909 quae
485 2845 657 2893 venerantes
679 2834 751 2893 deos
773 2835 851 2910 ipsos
873 2852 904 2892 se
925 2833 1006 2892 adire
1028 2834 1131 2894 crede-

79 2935 164 2990 rent?
204 2935 354 2990 Auxerunt
369 2942 466 2989 autem
481 2932 555 2989 haec
576 2932 682 2990 eadem
703 2933 818 3007 poetae,
833 2932 970 3007 pictores,
988 2932 1132 3007 opifices3

81 3031 233 3088 eratenim
249 3049 308 3087 non
323 3031 406 3087 facile
421 3030 532 3105 agentis
550 3029 659 3104 aliquid
674 3039 703 3087 et
717 3030 862 3088 molientis
877 3029 950 3087 deos
965 3028 996 3087 in
1010 3029 1132 3088 aliarum

80 3129 234 3185 formarum
260 3128 420 3185 imitatione
441 3146 561 3186 servare.
604 3128 735 3185 Accessit
761 3128 849 3185 etiam
873 3126 927 3185 ista
948 3126 1050 3202 opinio
1073 3129 1130 3187 for-

80 3235 163 3297 tasse,
183 3224 264 3300 quod
284 3225 396 3282 homini
417 3225 535 3283 homine
556 3224 703 3300 pulchrius
724 3224 796 3282 nihil
815 3224 978 3283 videbatur.
1019 3224 1079 3284 Sed
1100 3235 1131 3285 tu
1146 3257 1171 3294 ³0

80 3323 147 3393 hoc,
162 3323 291 3398 physice,
306 3341 367 3379 non
388 3321 479 3394 videa,
495 3341 583 3397 quam
604 3321 712 3381 blanda
732 3323 913 3381 conciliatrix
933 3331 963 3380 et
983 3323 1066 3398 quasi
1088 3324 1133 3383 sui

80 3421 116 3477 sit
136 3420 202 3477 lena
222 3422 344 3478 natura?
384 3422 431 3477 An
452 3429 536 3494 putas
559 3420 645 3477 ullam
669 3438 732 3478 esse
755 3429 831 3478 terra
851 3421 982 3495 marique
1003 3420 1131 3495 beluam,

81 3535 155 3593 quae
169 3536 230 3574 non
252 3518 294 3574 sui
316 3517 429 3591 generis
450 3517 537 3574 belua
556 3517 682 3574 maxime
704 3515 886 3575 delectetur?
928 3516 1018 3591 Quod
1040 3518 1071 3576 ni
1092 3519 1133 3577 ita

81 3625 164 3686 esset,
180 3633 232 3671 cur
246 3633 306 3671 non
325 3614 442 3688 gestiret
458 3622 555 3670 taurus
577 3631 670 3688 equae
692 3615 932 3687 contrectatione,
948 3633 1041 3689 equus
1062 3635 1130 3674 vac-

81 3714 154 3774 cae?
195 3714 241 3770 An
263 3721 295 3769 tu
319 3710 444 3786 aquilam
468 3719 517 3768 aut
537 3709 654 3768 leonem
675 3720 725 3770 aut
746 3710 918 3788 delphinum
939 3712 1027 3770 ullam
1048 3723 1131 3772 aute·
1145 3742 1170 3782 35
