2446 4102
403 246 470 295 LIB.
488 247 510 296 1.
543 246 604 296 (ῘΑΡ.
615 247 732 296 VIII-X.
767 247 898 311 §518-24.
1137 253 1180 320 39

126 407 217 458 erant.
260 400 364 458 Saecla
385 419 464 457 nunc
492 399 561 458 dico
589 419 650 458 non
679 419 723 473 ea,
745 420 820 477 quae
846 402 959 461 dierum
987 404 1178 481 noctiumque

124 514 249 554 numero
268 498 372 554 annuis
392 498 523 555 cursibus
542 499 755 571 conficiuntur,
777 519 847 556 nam
861 501 954 557 fateor
968 519 1003 557 ea
1017 502 1079 559 sine
1093 522 1177 561 mun-

124 593 156 651 di
170 595 362 652 conversione
377 594 453 652 effici
467 613 528 652 non
544 596 673 670 potuisse
685 617 693 667 ;
715 596 769 654 sed
783 596 835 654 fuit
850 597 996 672 quaedam
1012 600 1050 656 ab
1064 601 1177 660 infinito

123 700 258 766 tempore
273 692 436 762 aeternitaS,
452 709 541 766 quam
556 693 633 749 nulla
648 693 878 768 circumscriptio
894 705 1060 770 temporum
1076 699 1176 755 metie-

91 807 103 844 s
123 788 207 846 batur
216 809 225 861 3
248 789 342 863 spatio
363 799 463 846 tamen
484 789 576 863 qualis
598 790 742 861 caluerit,
759 791 885 867 intellegi
901 813 958 849 non
973 804 1078 867 potest,
1094 796 1177 870 quod

121 904 160 942 ne
187 887 218 943 in
248 887 456 961 cogitationem
481 886 602 961 quidem
624 887 712 959 cadit,
734 898 765 944 ut
793 889 878 946 fuerit
905 900 1022 965 tempus
1047 893 1175 966 aliquod,

120 983 233 1041 nullum
259 1003 328 1040 cum
352 993 467 1058 tempus
496 994 581 1041 esset.
625 986 686 1042 Isto
714 985 799 1059 igitur
823 996 883 1043 tarn
922 987 1056 1046 inmenso
1081 992 1214 1064 spatiosa

121 1099 241 1156 quaem,
256 1081 356 1152 Balbe,
372 1099 423 1137 cur
438 1082 571 1138 Pronoea
585 1092 678 1139 vestra
698 1084 861 1141 cessaverit.
905 1086 1088 1143 Laboremne
1103 1088 1176 1162 sugi-

120 1179 210 1236 ebat?
250 1180 289 1235 At
311 1180 363 1236 iste
389 1197 445 1235 nec
468 1179 581 1253 attingit
604 1177 694 1236 deum
720 1198 776 1236 nec
802 1191 863 1237 erat
884 1182 1050 1252 ulluS,cr1m
1072 1202 1174 1243 omnes

84 1298 108 1324 ιο
119 1287 241 1333 naturae
262 1276 376 1333 numini
397 1275 506 1346 divin0,
529 1276 652 1347 caelum,
675 1277 766 1350 ignes,
789 1287 890 1349 terrae,
912 1281 1010 1350 maria,
1031 1292 1174 1355 parerent.

120 1373 202 1447 Quid
224 1383 323 1430 autem
345 1383 414 1444 erat,
430 1373 512 1447 quod
535 1375 757 1447 concupisceret
779 1375 852 1433 deus
874 1377 1019 1434 mundum
1041 1380 1128 1453 signis
1145 1389 1174 1437 et

118 1471 277 1529 luminibus
301 1481 451 1544 tamquam
476 1469 577 1527 aedilis
603 1473 727 1527 ornare?
768 1472 805 1542 Si,
830 1482 862 1529 ut
887 1472 960 1531 deus
985 1476 1046 1549 ipsc
1072 1477 1174 1534 melius

118 1567 273 1639 habitaret,
288 1578 374 1625 antea
388 1567 524 1625 videlicet
545 1578 679 1643 ternpore
701 1569 813 1626 infinito
836 1570 865 1626 in
882 1572 1008 1629 tenebris
1024 1583 1172 1647 tamquam

118 1666 149 1723 in
162 1666 313 1741 gurgustio
328 1666 514 1723 habitaverat.
557 1668 626 1724 Post
648 1676 745 1723 autem
760 1668 936 1724 varietatene
952 1687 1019 1726 eum
1035 1669 1173 1728 delectari

82 1788 104 1826 ις
117 1774 266 1838 putamuS,
281 1780 340 1837 qua
353 1764 466 1820 caelum
486 1772 515 1820 et
536 1773 624 1820 terras
646 1775 798 1822 exornatas
819 1764 972 1823 videmus?
1014 1768 1097 1840 Quae
1119 1770 1174 1825 ista

117 1870 295 1936 potestesse
310 1861 467 1918 oblectatio
482 1859 562 1918 deo?
583 1880 657 1935 quae
673 1863 697 1919 si
712 1871 797 1932 esset,
809 1881 869 1919 non
884 1873 993 1920 eatam
1009 1864 1058 1922 diu
1074 1884 1172 1923 carere

116 1959 270 2032 potuisset.
311 1960 359 2015 An
380 1958 464 2029 haec,
479 1967 511 2015 ut
525 1959 584 2015 sere
599 1958 703 2030 dicitis,
720 1960 873 2017 hominum
895 1979 983 2018 causa
996 1981 1014 2018 a
1028 1962 1086 2019 deo
1102 1981 1171 2020 eon·
1185 1990 1210 2031 ῃ

117 2056 218 2113 stituta
235 2057 323 2113 sunt?
364 2056 606 2130 Sapientiumne?
647 2058 768 2131 Propter
788 2075 901 2132 paucos
923 2058 1007 2132 igitur
1027 2069 1108 2116 tanta
1129 2071 1173 2117 est

116 2153 195 2210 facta
215 2171 312 2210 rerum
335 2153 456 2210 molitio.
498 2156 545 2210 An
574 2155 747 2211 stultorum?
789 2157 827 2210 At
849 2156 974 2228 primum
1003 2175 1091 2213 causa
1111 2176 1172 2215 non

78 2273 104 2300 20
116 2250 179 2320 fuit,
196 2269 249 2306 cur
264 2249 303 2308 de
331 2249 460 2324 inprobis
482 2251 558 2307 bene
580 2262 739 2308 mereretur
748 2273 757 2323 3
780 2251 888 2308 deinde
904 2253 975 2326 quid
990 2262 1033 2310 est
1048 2253 1171 2312 adsecu-

115 2349 184 2404 tus?
205 2366 274 2403 curn
289 2365 392 2404 omnes
406 2348 483 2405 stulti
498 2349 554 2405 sint
575 2348 637 2405 sine
659 2348 750 2405 dubio
772 2349 932 2420 miserrimi,
949 2351 1074 2407 maxime
1090 2351 1171 2425 quod

115 2445 196 2502 stulti
227 2453 312 2517 sunt,
347 2442 480 2502 miserius
509 2447 588 2502 enim
617 2446 735 2503 stultitia
766 2445 838 2519 quid
869 2464 1023 2521 possumus
1051 2448 1172 2507 dicere?

115 2540 226 2599 deinde
242 2541 323 2617 quod
337 2543 378 2598 ita
393 2543 485 2599 multa
504 2552 571 2600 sunt
592 2542 782 2600 incommoda
803 2542 833 2599 in
847 2543 914 2614 vita,
929 2552 961 2600 ut
976 2562 1011 2600 ea
1025 2546 1170 2619 sapientes

115 2637 344 2697 commodorum
371 2640 600 2714 conpensatione
623 2640 740 2710 leniant,
756 2640 834 2696 stulti
850 2659 906 2696 nec
921 2641 1009 2698 vitare
1024 2643 1171 2700 venientia

76 2763 101 2800 25
114 2736 229 2811 possint
249 2754 306 2793 nec
331 2736 404 2793 ferre
432 2737 604 2810 praesentia.
648 2737 706 2811 Qui
727 2756 796 2794 vero
826 2736 969 2793 mundum
991 2738 1086 2812 ipsum
1107 2740 1214 2808 ani-10

115 2842 247 2890 mantem
275 2834 497 2908 sapientemque
530 2853 592 2891 esse
622 2834 764 2905 dixerunt,
794 2834 873 2890 nullo
905 2835 997 2892 modo
1025 2834 1168 2908 viderunt,

115 2932 205 2988 animi
227 2941 329 2988 natura
345 2931 537 3006 intellegentis
559 2933 588 2989 in
611 2950 698 3006 quam
720 2933 840 3006 figuram
863 2931 968 2989 cadere
990 2944 1088 3006 posset
1099 2954 1107 3006 3
1130 2933 1168 2991 de

114 3046 175 3102 quo
189 3028 288 3086 dicam
303 3028 441 3103 equidem
459 3030 545 3104 paulo
567 3040 634 3104 post
644 3051 653 3102 3
674 3048 753 3086 nunc
774 3038 870 3085 autem
894 3029 1053 3087 hactenus:
1076 3030 1168 3087 admi·
1181 3053 1207 3094 24

114 3126 200 3183 rabor
214 3144 316 3183 eorum
331 3125 505 3198 tarditatem,
520 3127 569 3200 qui
591 3128 768 3184 animantem
786 3126 969 3184 inmortalem
991 3136 1020 3183 et
1040 3126 1169 3185 eundern

77 3250 102 3286 ³0
114 3224 234 3280 beatum
255 3223 415 3281 rotundum
438 3242 500 3281 esse
522 3225 619 3295 velint,
636 3224 716 3298 quod
738 3243 774 3281 ea
788 3226 881 3281 forma
899 3234 986 3298 neget
1001 3224 1088 3281 ullam
1104 3243 1167 3283 esse

113 3320 310 3395 pulchriorem
333 3322 423 3379 Plato,
465 3324 503 3379 At
523 3323 595 3379 mihi
615 3322 661 3379 vel
683 3322 804 3397 cylindri
817 3323 864 3379 vel
886 3321 1018 3396 quadrati
1033 3323 1078 3378 vel
1099 3324 1168 3380 coni
1189 3357 1198 3372 ·

113 3420 159 3475 vel
180 3419 339 3495 pyramidis
354 3419 468 3477 videtur
489 3438 552 3478 esse
568 3420 728 3477 formosior.
774 3421 858 3493 Quae
873 3438 942 3476 vero
956 3420 1015 3477 vita
1035 3420 1167 3477 tribuitur

114 3516 160 3573 isti
176 3515 306 3574 rotundo
328 3517 407 3574 deo?
448 3519 566 3593 Nempe
588 3527 619 3574 ut
641 3536 676 3574 ea
698 3518 844 3574 celeritate
867 3527 1102 3591 contorqueatur,
1119 3516 1166 3573 cui

113 3631 165 3688 par
178 3615 258 3671 nulla
272 3632 310 3671 ne
325 3615 444 3688 cogitari
462 3615 581 3689 quidem
603 3615 713 3689 possit,
735 3616 765 3673 in
787 3633 844 3689 qua
865 3633 925 3671 non
945 3613 1031 3671 video
1047 3614 1164 3671 ubinam

76 3742 100 3781 35
114 3729 196 3769 mens
211 3720 350 3770 constans
365 3720 395 3769 et
408 3712 466 3772 vita
479 3713 566 3773 beata
580 3713 671 3787 possit
682 3712 821 3772 insistere.
866 3710 1013 3784 Quodque
1025 3711 1055 3767 in
1066 3720 1165 3767 nostro
