2446 4102
120 267 180 330 154
441 261 490 311 ur
511 261 655 311 NATURA
678 259 839 311 urorum

116 423 144 478 in
161 417 284 476 Arcadia
299 436 358 474 non
373 416 460 490 longe
476 434 493 472 a
508 415 595 472 Lusio
611 415 728 472 flumine
743 415 909 490 sepulcrum
924 424 954 474 et
968 417 1052 476 lucus
1072 427 1167 478 osten·

73 525 108 578 23
118 519 201 575 ditur.
236 515 403 590 Apollinum
419 513 633 586 antiquissimus
648 512 680 583 is,
697 530 785 586 quem
800 513 887 587 paulo
902 524 990 571 antea
1004 533 1020 572 e
1035 516 1167 575 Vulcano

117 626 216 672 natum
239 631 302 669 esse
325 611 393 681 dixi,
410 609 564 667 custodem
586 609 776 680 Athenarum,
799 610 869 666 alter
891 610 1066 685 Corybantis
1087 614 1167 686 filius,

117 723 200 770 natus
223 712 251 766 in
276 710 371 778 Creta,
396 708 477 764 cuius
501 705 538 763 de
563 706 609 763 illa
631 707 723 763 insula
746 725 814 764 cum
838 709 909 765 Iove
933 709 998 783 ipso
1022 720 1169 769 certamen

117 810 201 867 fuisse
227 807 355 874 traditur,
382 805 481 861 tertius
507 805 577 860 Iove
602 804 687 861 tertio
713 814 796 862 natus
822 815 851 862 et
875 806 996 877 Latona,
1021 825 1110 881 quern
1134 827 1194 868 exs

119 904 319 980 Hyperboreis
332 901 464 976 Delphos
479 901 573 957 ferunt
587 899 749 972 advenisse,
762 913 879 976 quartus
894 903 924 960 in
934 903 1070 976 Arcadia,
1083 923 1168 980 quem

117 1002 246 1060 Arcades
261 1000 368 1074 Νόμιον
383 998 539 1072 appellant,
556 997 636 1072 quod
651 999 688 1056 ab
704 1016 739 1055 eo
755 1017 786 1056 se
801 1000 879 1074 leges
895 1001 989 1058 serunt
1010 1003 1167 1076 accepisse.

79 1114 104 1154 ss
119 1102 231 1159 Dianae
253 1101 323 1156 item
345 1097 449 1172 plures
466 1097 559 1171 prima
574 1096 651 1153 Iovis
667 1106 696 1153 et
711 1097 910 1172 Proserpinae,
927 1117 1002 1172 quae
1017 1099 1170 1174 pinnatum

119 1197 295 1271 Cupidinem
318 1196 452 1270 genuisse
475 1194 589 1264 dicitur,
610 1193 742 1250 secunda
762 1195 865 1265 notior,
882 1213 970 1270 quam
994 1197 1065 1254 Iove
1087 1197 1169 1254 tertio

119 1307 147 1353 ct
163 1296 275 1352 Latona
294 1304 392 1350 natam
412 1292 589 1365 accepimus
606 1291 706 1348 tertiae
726 1301 808 1366 pater
822 1292 896 1366 Upis
912 1291 1042 1365 traditur,
1059 1295 1168 1353 Glauce
1182 1321 1202 1348 ιο

118 1403 228 1464 mater,
257 1409 322 1448 earn
351 1408 438 1464 saepe
465 1389 570 1447 Graeci
595 1389 687 1462 Upim
715 1398 837 1462 paterno
866 1390 985 1446 nomine
1014 1392 1170 1466 appellant.

120 1491 266 1564 Dionysos
288 1488 394 1544 multos
416 1487 565 1556 habemus
581 1486 707 1560 primum
724 1487 794 1543 Iove
817 1495 846 1543 et
867 1486 1040 1562 Proserpina
1061 1499 1170 1560 natum,

119 1587 281 1645 secundum
304 1586 381 1655 Nilo,
398 1585 446 1659 qui
467 1585 578 1658 Nysam
600 1583 705 1640 dicitur
726 1583 914 1655 interemisse,
932 1585 1049 1643 tertium
1066 1586 1171 1645 Cabiro

119 1698 212 1760 patre,
229 1702 356 1758 eumque
371 1701 470 1757 regem
486 1683 571 1738 Asiae
589 1681 746 1755 praefuisse
769 1681 879 1753 dicunt,
896 1683 943 1740 cui
965 1683 1086 1741 Sabazia
1107 1692 1172 1742 sunt

119 1785 255 1853 instituta,
279 1792 413 1856 quartum
439 1781 509 1837 Iove
535 1791 564 1836 et
590 1779 680 1850 Luna,
705 1779 752 1836 cui
777 1797 858 1836 saera
881 1779 1012 1854 Orphica
1036 1791 1173 1856 putantur
1183 1802 1203 1841 ιε

120 1882 236 1952 confici,
252 1881 384 1954 quintum
400 1879 473 1936 Niso
491 1888 591 1934 natum
607 1887 636 1934 et
650 1876 784 1951 Thyone,
799 1896 817 1934 a
831 1896 890 1952 quo
905 1878 1083 1936 Trieterides
1103 1897 1171 1937 cou-

82 1995 107 2036 oa
120 1979 235 2036 stitutae
257 1987 401 2052 putantur.
443 1977 543 2033 Venus
562 1975 656 2050 prima
670 1975 760 2033 Caelo
781 1985 810 2032 et
825 1976 881 2033 Die
897 1986 973 2047 nata,
989 1976 1072 2034 cuius
1088 1975 1172 2034 Elide

121 2077 273 2134 delubrum
289 2076 423 2145 vidimus,
439 2075 528 2132 altera
542 2093 646 2149 spuma
663 2084 823 2149 procreata,
839 2092 876 2131 ex
895 2093 953 2149 qua
974 2085 1004 2132 et
1026 2076 1172 2133 Mercurio

122 2174 300 2248 Cupidinem
325 2172 488 2230 secundum
513 2183 613 2229 natum
639 2172 816 2246 accepimus,
843 2172 926 2228 tertia
952 2173 1023 2229 Iove
1050 2183 1118 2230 nata
1145 2181 1173 2230 et

121 2273 226 2342 Diona,
243 2289 317 2345 quae
332 2272 430 2345 nupsit
443 2270 585 2340 Volcan0,
602 2269 654 2326 sed
669 2287 706 2325 ex
725 2287 760 2326 ea
781 2281 810 2326 et
833 2270 927 2326 Marte
949 2280 1033 2327 natus
1049 2272 1173 2328 Anteros
1184 2288 1206 2316 20

121 2370 234 2441 dicitur,
251 2381 352 2444 quarta
374 2369 452 2442 Syria
475 2368 631 2442 Cyproque
654 2377 808 2441 concepta,
824 2385 899 2441 quac
915 2369 1028 2424 Astarte
1043 2378 1172 2438 vocatur,

121 2486 209 2543 quam
231 2467 361 2524 Adonidi
383 2467 514 2539 nupsisse
537 2464 685 2538 proditum
707 2474 759 2522 est.
804 2465 937 2522 Minerva
960 2466 1063 2538 prima,
1087 2484 1173 2540 quam

121 2566 262 2640 Apollinis
291 2575 413 2621 matrem
441 2580 527 2637 supra
556 2562 689 2633 diximus,
719 2561 850 2619 secunda
881 2573 945 2619 orta
976 2562 1056 2634 Nilo,
1086 2581 1173 2638 quam

121 2663 255 2737 Aegyptii
270 2663 363 2720 Saitae
384 2661 491 2731 colunt,
508 2662 590 2717 tertia
610 2661 665 2730 illa,
683 2678 771 2734 quam
786 2679 803 2717 a
819 2661 889 2717 love
904 2670 1074 2734 generatam
1089 2678 1174 2736 supra

122 2761 256 2830 diximus,
272 2770 372 2834 quarta
394 2760 465 2816 Iove
487 2769 555 2815 nata
576 2769 604 2815 et
627 2759 772 2833 Coryphe,
794 2758 907 2817 Oceani
928 2758 994 2829 filia,
1011 2776 1101 2833 quam
1123 2761 1172 2816 Ar·
1185 2779 1205 2816 25

122 2857 210 2915 cades
240 2855 345 2929 Kopion
372 2857 525 2912 nominant
554 2865 583 2912 et
617 2855 822 2931 quadrigarum
851 2856 1041 2912 inventricem
1070 2856 1173 2927 serunt,

122 2954 222 3029 quinta
244 2952 387 3022 Pallantis,
410 2971 484 3027 quae
510 2964 622 3027 patrem
648 2953 753 3010 dicitur
778 2953 957 3010 interemisse
980 2952 1174 3027 virginitatem

85 3071 109 3108 eo
123 3070 204 3107 suam
219 3050 325 3107 violare
341 3061 506 3120 conantem,
524 3051 570 3107 cui
585 3051 740 3124 pinnarum
754 3050 853 3107 talaria
871 3049 1012 3123 adfigunt.
1056 3048 1173 3125 Cupido

123 3149 231 3222 primus
255 3148 401 3204 Mercurio
423 3158 452 3205 et
474 3149 570 3205 Diana
590 3148 684 3223 prima
704 3157 788 3205 natus
803 3147 915 3218 dicitur,
931 3146 1080 3205 secundus
1096 3148 1173 3205 Mer-

123 3245 203 3302 curio
226 3255 253 3300 et
274 3246 388 3302 Venere
411 3245 550 3316 secunda,
566 3247 674 3317 tertius,
693 3247 742 3320 qui
765 3244 843 3302 idem
865 3253 909 3301 est
928 3246 1064 3316 Anteros,
1081 3245 1173 3302 Marte
1186 3263 1209 3302 ³⁰

122 3353 151 3400 et
172 3344 286 3399 Venere
311 3344 403 3401 tertia.
447 3346 542 3418 Atque
568 3345 641 3401 haec
667 3343 786 3418 quidem
809 3343 921 3416 aliaque
947 3342 1009 3401 eius
1034 3342 1118 3400 modi
1139 3360 1175 3400 ex

122 3453 218 3498 vetere
234 3441 376 3498 Graeciae
392 3440 468 3497 fama
483 3441 606 3499 collecta
620 3451 695 3512 sunt,
708 3441 811 3516 quibus
826 3439 966 3514 intellegis
981 3439 1174 3498 resistendum

123 3557 196 3608 esse,
213 3557 249 3595 ne
265 3539 468 3612 perturbentur
483 3540 645 3613 religiones.
687 3539 782 3596 Vestri
798 3548 970 3595 autemnon
991 3537 1083 3596 modo
1103 3539 1174 3596 haec

122 3655 182 3693 non
204 3636 345 3706 refellunt,
362 3654 461 3692 verum
483 3638 570 3693 etiam
592 3637 766 3694 confirmant
787 3635 1016 3709 interpretando,
1037 3653 1174 3711 quorsum

123 3734 252 3808 quidque
280 3735 431 3808 pertineat.
475 3733 532 3792 Sed
561 3751 597 3791 eo
626 3734 693 3805 iam,
723 3733 800 3793 unde
830 3733 887 3791 huc
916 3730 1039 3809 digressi
1067 3747 1206 3805 sumus,³⁵

121 3842 306 3890 revertamur.
