2446 4102
115 284 175 329 110
438 278 486 327 DE
508 278 653 327 NATURA
676 277 835 328 DEORUM.

110 437 259 495 beluarum
284 434 394 492 efferari
419 450 476 490 nec
503 431 635 506 stirpium
663 431 817 505 asperitate
841 431 955 503 vastari,
980 450 1164 510 quorumque

110 535 246 609 operibus
261 533 330 607 agri,
346 531 455 589 insulae
470 531 610 604 litoraque
627 529 772 586 collucent
786 528 923 587 distincta
940 532 1026 589 tectis
1044 543 1074 590 et
1087 534 1163 592 urbi-

109 633 172 689 bus
216 631 299 703 Quae
325 631 357 698 si,
383 639 413 685 ut
439 629 550 696 animis,
576 628 618 683 sic
646 627 737 683 oculis
761 627 859 684 videre
885 645 1049 701 possemus,
1074 648 1164 689 nemo

66 737 247 786 1⁰⁰cuncta1n
269 728 383 783 intuens
405 735 510 782 terram
532 723 569 781 de
592 723 690 780 divina
710 723 821 780 ratione
844 723 1000 783 dubitaret.
1041 728 1081 784 At
1093 745 1163 786 vero

110 835 219 900 quanta
232 825 318 881 maris
333 834 376 880 est
391 820 575 897 pulchritudo
590 824 595 878 l
617 838 692 894 quae
707 822 819 895 speeies
834 822 978 879 universi!
1000 841 1076 897 quae
1091 826 1163 883 mul·
1183 845 1195 883 5

109 922 205 979 titudo
237 931 266 978 et
293 921 415 977 varietas
444 919 619 975 insularum!
651 935 726 991 quae
757 919 949 976 amoenitates
981 938 1097 979 orarum
1128 941 1163 979 ac

109 1020 243 1076 litorum!
272 1028 344 1092 quot
365 1035 472 1092 genera
493 1033 638 1090 quamque
663 1014 789 1089 disparia
812 1016 918 1089 partim
939 1017 1163 1090 submersarum,

109 1117 212 1192 partim
228 1115 400 1172 fluitantium
416 1124 445 1171 et
459 1113 621 1170 innantium
633 1112 791 1183 beluarum,
803 1114 908 1187 partim
922 1113 961 1171 ad
976 1133 1047 1172 saxa
1060 1117 1164 1175 nativis

109 1215 188 1271 testis
211 1212 441 1269 inhaerentium!
485 1211 585 1284 Ipsum
607 1218 704 1266 autern
724 1227 803 1266 mare
825 1210 867 1267 sic
891 1220 999 1269 terram
1020 1223 1164 1287 appetens

109 1311 236 1367 litoribus
262 1309 370 1379 alludit,
396 1318 428 1365 ut
452 1326 511 1364 una
535 1326 572 1364 ex
596 1305 708 1364 duabus
732 1308 840 1365 naturis
869 1308 996 1366 conflata
1020 1311 1162 1370 videatur.
1178 1333 1201 1359 10

66 1423 100 1462 roi
111 1408 187 1464 Exin
208 1406 279 1463 mari
301 1405 447 1462 finitumus
468 1404 517 1461 aer
539 1402 586 1461 die
612 1412 642 1460 et
662 1413 750 1461 nocte
776 1404 970 1478 distinguitur,
993 1406 1076 1481 isque
1101 1415 1164 1466 tum

109 1505 187 1560 susus
215 1512 245 1559 et
272 1510 442 1559 extenuatus
471 1501 592 1558 sublime
620 1500 717 1571 fertur,
743 1509 804 1558 tum
829 1511 928 1559 autem
952 1513 1110 1562 concretus
1133 1506 1164 1563 in

109 1601 201 1657 nubes
223 1600 336 1673 cogitur
355 1616 545 1671 umoremque
563 1597 702 1672 colligens
716 1607 821 1655 terram
835 1608 922 1673 auget
935 1599 1088 1673 imbribus,
1102 1610 1165 1660 turn

109 1697 230 1753 effluens
252 1697 310 1752 huc
331 1706 360 1752 et
381 1695 447 1752 illue
467 1704 570 1752 ventos
592 1693 688 1751 efficit.
733 1694 819 1752 Idem
839 1713 951 1753 annuas
972 1697 1112 1773 frigorum
1135 1707 1165 1757 et

110 1795 238 1851 calorum
258 1792 327 1849 facit
347 1792 509 1862 varietates,
532 1791 669 1866 idemque
693 1800 723 1848 et
735 1791 846 1850 volatus
868 1793 969 1851 alitum
991 1795 1114 1854 sustinet
1135 1806 1164 1855 et
1178 1821 1200 1859 τε

67 1895 104 1948 40
112 1892 211 1965 spiritu
233 1889 337 1947 ductus
358 1890 408 1946 alit
429 1900 457 1946 et
479 1898 619 1946 sustentat
640 1889 811 1946 animantes.
854 1890 957 1948 Restat
971 1892 1089 1951 ultimus
1104 1904 1166 1952 eta

111 1988 264 2045 domiciliis
289 1987 393 2044 nostris
418 1987 570 2044 altissimus
595 1986 694 2043 omnia
719 1987 840 2061 cingens
869 1998 899 2045 et
923 1990 1068 2048 coe'rcens
1092 1991 1165 2049 caeli

111 2085 290 2158 complexus,
312 2085 361 2158 qui
383 2083 462 2140 idem
483 2083 583 2140 aether
602 2092 731 2154 vocatur,
753 2094 882 2141 extrema
903 2103 955 2142 ora
976 2095 1006 2143 et
1028 2087 1164 2147 determi-

111 2181 316 2251 natiomundi,
333 2182 361 2238 in
378 2199 518 2256 quocum
538 2180 759 2238 admirabilitate
781 2182 907 2239 maxima
929 2183 1033 2256 igneae
1055 2185 1164 2244 formae

68 2295 210 2336 roecursus
235 2279 383 2335 ordinatos
409 2278 560 2335 definiunt.
604 2279 630 2335 E
656 2279 759 2353 quibus
782 2278 834 2350 sol,
858 2280 939 2337 cuius
962 2282 1202 2356 magnitudinem

112 2377 207 2434 multis
222 2377 351 2450 partibus
367 2386 441 2432 terra
455 2384 613 2449 superatur,
626 2376 735 2432 circum
751 2393 816 2432 eam
830 2376 924 2450 ipsam
938 2378 1071 2451 volvitur,
1083 2380 1165 2455 isque

112 2474 207 2531 oriens
224 2483 253 2530 et
268 2472 408 2530 occidens
423 2472 502 2530 diem
516 2483 694 2546 noctemque
710 2473 830 2530 conficit
847 2483 876 2531 et
893 2474 985 2532 modo
1007 2476 1165 2550 accedens,

112 2581 173 2628 turn
189 2581 285 2628 autern
299 2570 441 2628 recedens
456 2571 539 2627 binas
560 2570 590 2626 in
611 2570 728 2644 singulis
750 2571 832 2627 annis
854 2572 1037 2631 reversiones
1058 2575 1096 2632 ab
1117 2593 1164 2633 ex·

112 2678 205 2725 tremo
227 2669 383 2725 contrarias
405 2668 481 2737 facit,
504 2684 626 2740 quarum
647 2668 677 2723 in
698 2667 847 2725 intervallo
869 2677 932 2726 tum
953 2671 1036 2743 quasi
1054 2671 1167 2729 tristitia

113 2765 240 2841 quadam
262 2765 407 2822 contrahit
427 2774 542 2833 terram,
556 2773 618 2821 turn
631 2764 758 2821 vicissim
779 2765 924 2837 laetificat,
939 2775 971 2823 ut
993 2785 1062 2825 curn
1083 2769 1165 2827 caelo
1178 2791 1200 2830 πε

70 2880 106 2920 103
114 2864 232 2920 hilarata
246 2862 385 2920 videatur.
427 2863 511 2920 Luna
531 2871 637 2932 autern,
653 2880 728 2936 quae
751 2871 802 2933 est,
821 2871 852 2918 ut
872 2863 1033 2922 ostendunt
1054 2866 1164 2925 mathe-

113 2961 220 3031 matici,
235 2961 327 3017 maior
348 2978 435 3034 quam
456 2958 578 3016 dimidia
598 2977 663 3033 pars
685 2968 786 3030 terrae,
802 2959 895 3017 isdem
917 2962 1017 3035 spatiis
1038 2974 1166 3038 vagatur,

113 3058 216 3132 quibus
239 3058 290 3128 sol,
313 3056 365 3114 sed
386 3066 448 3114 turn
469 3055 663 3130 congrediens
685 3075 753 3113 curn
774 3058 844 3128 sole,
865 3067 926 3114 tum
948 3057 1117 3135 digrediens
1138 3070 1167 3119 et

114 3173 179 3212 eam
193 3155 297 3225 lucem,
314 3173 401 3228 quam
422 3174 439 3211 a
460 3155 519 3211 sole
540 3155 664 3228 accepit,
680 3155 766 3212 mittit
787 3155 817 3212 in
836 3165 924 3212 terras
947 3165 976 3213 et
992 3157 1084 3216 varias
1105 3158 1168 3233 ipsa

114 3251 185 3308 lucis
200 3251 373 3308 mutationes
389 3252 485 3325 habet,
502 3260 589 3325 atque
605 3252 692 3308 etiam
706 3262 768 3309 tum
783 3253 912 3310 subiecta
927 3263 1015 3328 atque
1030 3256 1168 3330 opposita
1179 3276 1203 3316 ³0

114 3350 167 3406 soli
182 3348 278 3405 radios
294 3349 353 3405 eius
370 3358 398 3405 et
412 3350 510 3406 lumen
525 3350 669 3420 obseurat,
685 3359 746 3406 tum
760 3350 824 3424 ipsa
838 3349 970 3407 incidens
989 3352 1019 3408 in
1033 3353 1167 3411 umbram

115 3455 215 3515 terrae,
232 3465 298 3502 curn
317 3456 360 3503 est
380 3464 396 3503 e
417 3447 536 3521 regione
558 3447 634 3518 solis,
650 3447 820 3521 interpositu
839 3447 1052 3523 interiectuque
1073 3458 1166 3509 terrae

115 3553 236 3618 repente
252 3542 360 3600 deficit.
404 3544 562 3618 Isdemque
580 3544 678 3618 spatiis
700 3563 752 3601 eae
776 3545 883 3616 stellae,
899 3562 970 3619 quas
985 3564 1074 3622 vagas
1094 3547 1166 3606 dici·

115 3659 188 3712 mus,
204 3641 313 3696 circum
328 3649 432 3698 terram
447 3642 574 3697 feruntur
589 3641 754 3715 eodemque
772 3641 863 3698 modo
885 3641 1015 3703 oriuntur
1037 3654 1067 3703 et
1087 3645 1166 3704 occi·

116 3737 197 3808 dunt,
223 3755 344 3811 quarum
373 3746 467 3796 motus
495 3747 557 3795 turn
584 3737 747 3810 incitantur,
772 3746 834 3797 turn
861 3739 1052 3815 retardantur,
1078 3760 1167 3820 saepe
1180 3764 1204 3805 as
